2610 4860
101 1547 261 1649 ou
270 1544 456 1660 roceium
479 1521 733 1664 concursum,
754 1580 857 1660 quem
818 1436 1034 1658 antibo!
1043 1458 1176 1637 histum
1202 1622 1206 1628 .

85 1654 338 1771 vocaverunt,
351 1675 518 1755 vitiosum
550 1698 638 1755 esse
669 1684 814 1772 censet,
846 1680 953 1756 cavet
974 1671 1177 1775 edamus
1128 1675 1216 1766 nes

84 1787 162 1868 sine
185 1790 314 1874 idonea
338 1816 449 1874 causa
473 1792 648 1896 ejusmodi
672 1792 832 1871 sitium
819 1818 857 1871 nn
889 1787 1079 1890 scribendo
1109 1785 1177 1867 ad·

85 1893 205 1986 mittat.
261 1911 346 1992 lloo
374 1910 502 1992 duetus
532 1909 747 2016 syllogismo
779 1907 862 1988 id
849 1907 1007 2016 inprimis
1035 1907 1073 1987 in
1104 1906 1176 1989 bno

82 2020 131 2102 'de
154 2025 252 2106 liiutar
276 2028 515 2135 disputatione
539 2024 774 2131 quaerendum
798 2048 885 2106 esse
908 2025 1070 2133 putavi,
1097 2024 1177 2128 qud·

83 2164 162 2217 nem
186 2143 381 2248 scriptores
410 2144 532 2245 graeei
565 2145 670 2223 istam
701 2143 877 2225 vocalium
908 2143 1176 2225 concursionem

82 2258 128 2337 sb
164 2258 334 2338 orationis
372 2258 551 2360 elegantia
591 2259 740 2333 alienam
772 2283 867 2336 esse·
899 2258 1075 2342 duxerint.
1132 2261 1179 2344 ld

83 2381 196 2451 sutem
229 2398 330 2477 quum
357 2397 407 2452 ex
431 2383 590 2451 veterum
616 2369 790 2450 rhetorum
816 2382 854 2451 et
876 2378 1177 2476 gramnmdoornm

84 2488 313 2587 testimoniis,
345 2482 499 2568 tum'ex
532 2487 676 2594 scriptis
705 2498 897 2585 oratorum,
932 2490 1178 2578 historicorum

84 2607 294 2713 aliommqne
326 2607 418 2714 ipsis
450 2605 606 2712 perspici
639 2627 750 2712 posse
775 2606 961 2686 arbitratus
994 2635 1081 2689 snm.
1132 2611 1176 2691 ln

82 2725 241 2808 Isocrate
266 2750 336 2830 qno
361 2736 439 2806 erat
461 2724 639 2829 insignius
664 2735 701 2806 et
725 2727 840 2827 majus
865 2723 983 2804 bintus
1019 2729 1176 2808 edundi

83 2843 244 2948 studium,
271 2845 308 2924 id
332 2866 377 2925 eo
402 2844 544 2924 lucilius
569 2852 707 2950 poterat
732 2841 982 2941 demonstrari,
1007 2856 1111 2949 etque
1136 2848 1174 2927 in
1199 2920 1206 2937 ,

81 2959 151 3041 boo
171 2964 329 3069 inprimis
349 2961 522 3067 scriptore
549 2960 808 3041 iiuidebsntur
834 2960 974 3043 minime
998 2987 1084 3044 esse
1111 2990 1175 3044 an·

81 3076 213 3178 diendi,
239 3083 298 3185 qui
323 3077 586 3175 contenderent,
612 3077 707 3159 bunc
735 3077 978 3186 politissimuun
1002 3094 1175 3164 oratorem

81 3197 334 3281 interdumhao
351 3200 442 3279 inre
455 3221 638 3305 peccasse.
678 3197 741 3278 Uti
767 3197 858 3277 enim
884 3196 1089 3304 scriptorem
1115 3202 1174 3304 qui

82 3316 272 3418 diligenter
296 3329 333 3412 et
357 3329 523 3400 accurate
547 3318 585 3396 in
616 3315 804 3396 scribendo
836 3329 1018 3415 versetur,
1068 3345 1170 3400 ιιιιιο

49 3514 51 3518 ,
80 3436 187 3514 tacite
203 3435 338 3538 credet,
364 3434 666 3540 grammaticorum
692 3447 881 3541 praecepta
904 3437 1113 3539 neglexisse
1137 3451 1176 3518 et
1202 3477 1206 3487 ·

81 3553 227 3634 soloece
258 3554 475 3663 scripsisse,
526 3554 588 3635 its
601 3552 706 3634 etiam
731 3553 768 3632 iu
793 3545 954 3633 lsocr'ate
978 3577 1068 3657 quae
1093 3556 1175 3635 lia·

80 3674 183 3765 bant,
221 3673 339 3778 potins
363 3672 598 3775 librariorum,
639 3696 743 3774 qnam
766 3671 922 3750 auctoris
953 3672 1078 3779 culpae
1107 3674 1174 3752 tri·

79 3789 218 3869 buenda
260 3816 345 3874 esse
378 3795 577 3874 censebam.
652 3791 802 3871 Minime
834 3800 948 3872 autem
978 3795 1024 3871 sb
1054 3816 1173 3872 eorum

81 3909 164 4007 steti
194 3920 321 4017 parte,
373 3912 432 4014 qui
445 3912 561 3992 etium
577 3910 623 3991 ‘in
647 3909 872 4017 apostropbis
897 3908 1070 4018 ponendis
1100 3921 1173 3990 tam
1190 3969 1213 4004 .,

80 4028 270 4131 religiosos
295 4030 421 4111 luisse
434 4030 595 4111 librarios
621 4031 857 4137 opinarentur,
885 4044 924 4111 nt
948 4028 1088 4110 nonnisi
1108 4053 1173 4110 eo-
1214 4062 1217 4067 ’

79 4170 153 4224 rum
185 4148 393 4230 anctoritate
429 4174 495 4230 eos
529 4165 708 4256 ponerent.
789 4150 900 4245 Quum
931 4148 1023 4231 enim
1053 4149 1089 4268 in
1116 4148 1174 4228 io·

80 4267 333 4370 terpunotionis'
359 4266 475 4370 signis
500 4266 713 4374 ponendis
701 4296 768 4368 pam
794 4270 920 4350 dudum
952 4271 1044 4347 inter
1068 4250 1172 4350 siros
