2610 4860
493 105 1142 241 :liei-'1'

70 220 850 426 -orpnr,nrrnarreutrrqmnatrrmt
858 311 1188 423 mecuminpu-

90 439 245 518 tunsae
264 433 329 504 ltoe
348 433 484 524 primum
505 431 648 520 patruit,
676 450 738 502 eos
757 450 962 524 nequaquam
982 453 1028 504 ax
1048 433 1122 505 solu
1142 435 1187 504 ll·
1221 486 1224 491 -

91 536 270 611 crudorum
289 533 416 604 incuria
436 532 613 622 protector
621 547 702 603 csse
723 550 835 620 posse
863 529 934 606 uu
946 532 1034 603 enlm
1054 553 1100 605 cx
1114 541 1186 607 tots

28 660 33 677 ·
89 634 250 705 erationis
270 631 562 705 ιοιιιιιιιιιιῑιιιο
552 651 586 705 ιιι
611 627 738 720 quaque
764 633 947 702 sententie
964 641 1124 722 apparet,
1166 652 1189 705 o

91 737 255 833 scriptore
275 733 400 802 emtum
419 753 486 803 non
507 751 587 805 erse
615 731 797 822 evitatum,
838 731 884 802 ΙΙιι
915 730 958 801 de
985 733 1126 803 lectione
1155 735 1228 810 Ιιι.·

23 875 29 887 =
70 836 232 923 singulis
250 816 453 923 quibusdum
478 833 562 903 locis
587 833 714 921 poteris
743 830 873 921 quidem
905 831 1078 924 dubitare,
1125 834 1196 924 aed

52 1021 58 1029 ¹
91 939 283 1008 universum
301 935 417 1006 librum
438 934 568 1006 etiamsi
589 933 752 1005 Hercules
772 952 893 1017 esses,
928 935 1075 1003 omnibus
1096 937 1189 1023 ejus·

19 1037 23 1044 '
91 1037 179 1110 modi
198 1036 291 1106 vitiis
312 1055 516 1127 nequaquam
538 1034 701 1124 purgabis.
735 1031 986 1108 concedendum
1008 1035 1107 1122 igitur
1123 1036 1189 1106 erit

9 1138 14 1155 '
91 1139 285 1228 scriptorem
306 1136 403 1227 nujus
424 1133 497 1205 libri
518 1136 640 1206 hiatum
653 1135 783 1205 minima
797 1154 944 1206 corusce.
987 1135 1102 1218 linesi
1120 1144 1209 1226 est,=

9 1277 21 1304 .
93 1241 280 1331 quaeritur,
314 1256 473 1327 quaecum
495 1236 590 1324 huius
611 1236 660 1306 rei
680 1237 746 1306 sint
767 1254 889 1308 causue
910 1236 944 1304 in
972 1235 1070 1327 libro,
1096 1240 1189 1324 culus

93 1347 208 1412 tucior
228 1336 427 1410 Plutarchus
449 1335 553 1406 luisse
572 1335 715 1425 dicitur,
747 1337 803 1426 qui
823 1337 856 1405 in
876 1337 954 1408 aliia
977 1338 1111 1428 scriptia
1133 1359 1189 1410 cu·

94 1461 162 1514 rum
184 1440 247 1526 luae
266 1440 302 1508 in
324 1456 362 1506 ro
382 1438 524 1527 positum
545 1455 626 1525 praa
647 1457 687 1508 se
716 1437 789 1506 lert
830 1438 917 1508 Num
940 1439 1075 1530 juvenis
1103 1444 1189 1510 nunu

95 1543 208 1612 librum
234 1538 360 1630 edidit,
402 1541 589 1629 priusquam
617 1536 666 1634 ad=
688 1537 812 1606 luiutum
832 1539 1013 1610 adtendere
1035 1534 1188 1612 solereti
1254 1580 1256 1584 ·

45 1694 48 1700 -
95 1645 144 1713 At
164 1645 197 1712 in
218 1643 300 1712 libre
324 1641 397 1730 ipse
419 1639 648 1728 niljnvenile,
669 1658 776 1729 neque
795 1641 965 1710 luxurians
987 1643 1101 1730 dictio,
1123 1665 1189 1715 ne·

25 1775 26 1778 ¹
94 1762 159 1835 que
179 1741 362 1831 sophistica
383 1749 419 1809 et
440 1760 462 1810 e
481 1738 598 1810 schola
618 1759 737 1810 recens
758 1743 925 1829 cogitandi
946 1746 1041 1827 ratio,
1062 1747 1192 1835 qualem

9 1861 13 1876 ’
67 1864 126 1916 ὀ.
148 1866 181 1934 g.
201 1842 237 1912 in
257 1839 522 1912 orationibusdc
535 1840 719 1911 Alexandri
738 1841 863 1911 virtute
884 1843 960 1914 eive
982 1846 1109 1915 fortuna
1128 1847 1189 1918 de·

95 1942 343 2037 prehendimus,
363 1942 534 2033 reperitur.
579 1942 653 2012 Huc
673 1942 813 2027 accedit,
834 1943 921 2033 quod
942 1964 963 2014 a
983 1947 1067 2016 uiris
1081 1945 1191 2018 doctis

94 2049 171 2119 eliis
191 2044 234 2113 de
255 2045 366 2117 censis
387 2045 441 2113 liic
461 2044 546 2117 liber
566 2050 645 2134 post
665 2042 900 2114 Demosthenis
922 2048 1023 2118 vitum
1046 2051 1079 2117 in
1108 2051 1192 2118 vitis

82 2152 240 2240 ¹scriptun
266 2155 303 2218 et
329 2145 439 2216 editus
464 2165 545 2215 esse
572 2145 701 2214 dicitur.
742 2144 783 2212 V.
809 2145 1061 2217 Westermunni
1090 2147 1192 2219 Com·

95 2259 196 2324 ment.
218 2250 261 2319 de
283 2257 418 2327 auctore
439 2253 475 2317 et
494 2246 645 2317 auctorit
667 2245 721 2316 lin
744 2245 798 2336 qui
827 2246 959 2320 iuscrib.
1003 2248 1101 2320 Vitae
1129 2252 1193 2320 de-

34 2420 40 2433 s
87 2366 167 2424 'cem
188 2359 351 2422 erulorum
372 2351 406 2416 in
426 2344 513 2418 etot
533 2348 607 2418 vill·
627 2347 670 2417 X.
693 2361 775 2416 uret.
796 2344 970 2430 Quedlinb.
1004 2348 1121 2418 1833.
1149 2352 1192 2422 ab

96 2454 212 2524 codem
233 2453 306 2521 viro
328 2448 418 2519 edito
440 2470 470 2538 ιι.
495 2446 556 2518 ta.
583 2455 620 2518 et
653 2445 717 2516 13.
742 2449 797 2537 qul
818 2448 863 2515 ibi
890 2447 1013 2518 ltuecea
1039 2451 1191 2538 scripsita
1245 2524 1248 2529 ,

96 2541 230 2637 „vitsr’
254 2551 369 2619 decem
397 2555 559 2618 oratorum
598 2552 712 2616 aetate
743 2549 951 2636 provectiore
979 2547 1212 2620 Plutarchum

80 2650 311 2738 'congessisse
334 2650 404 2734 jem
424 2668 468 2716 ex
496 2649 640 2736 ipsarum
663 2653 776 2731 ,lurmu
806 2647 968 2737 colligus3
1010 2669 1076 2717 nou
1104 2653 1192 2719 enim
1238 2722 1244 2735 ,

98 2751 269 2839 dispicitur
290 2748 367 2837 quid
388 2767 463 2818 eum
483 2748 674 2828 adduxerit,
717 2753 753 2814 ιιι
779 2766 863 2835 opus
882 2767 999 2834 magna
1022 2749 1192 2836 diligentie

98 2852 282 2920 inchoatum
304 2848 567 2937 semiperfectum
588 2846 796 2933 relinqueret
838 2841 962 2915 Contra
983 2847 1189 2919 Demosthe·

9 2967 35 3030 ·,
99 2955 150 3022 nis
172 2952 283 3040 vitum,
304 2968 387 3037 qnae
409 2947 530 3035 legitur
550 2948 583 3013 in
605 2946 775 3034 parallelis
796 2941 897 3038 (scil
912 2943 1016 3041 vitis)
1037 2970 1067 3019 c.
1093 2950 1129 3018 3.
1152 2970 1193 3021 se

99 3053 205 3141 ipsum
227 3050 275 3119 rit
294 3049 472 3137 scripsisse
492 3053 527 3115 dr
547 3049 594 3134 cpi
614 3049 733 3134 βιβλίῳ
751 3044 859 3131 τούτῳ
886 3049 951 3114 teir
978 3049 1195 3137 παραλλήλων

16 3196 23 3207 ·
99 3151 169 3221 ὄντι
189 3155 332 3234 πέμπτῳ.
372 3149 471 3219 Licet
490 3155 599 3236 autem
619 3167 684 3236 quo
705 3152 851 3235 tempure
865 3148 994 3216 omnino
1008 3151 1099 3220 vitus
1114 3152 1194 3240 pur-

31 3297 39 3313 .
99 3251 217 3323 'alleles
245 3250 417 3340 scripserit
447 3249 490 3318 ud
511 3248 664 3339 liquidnm
690 3248 939 3338 consessumque
967 3250 1100 3339 perduci
1129 3272 1193 3322 ne·
1222 3263 1234 3279 ‘

36 3348 60 3435 ¹,
99 3360 200 3459 pacat
220 3348 476 3445 (Vid.d.hion
496 3351 540 3419 de
562 3349 762 3437 ordineque
783 3348 979 3422 l’lularcltus
1000 3352 1090 3420 vitas
1110 3350 1196 3421 seri·
1243 3412 1249 3421 .

101 3452 387 3545 penitentium
411 3451 528 3521 1833.
547 3451 591 3521 4.
576 3474 642 3543 .ιι.
670 3449 729 3519 13
749 3446 836 3541 ειη)
859 3457 966 3521 umen
989 3451 1193 3523 Demosthe·

9 3570 11 3576 ·
82 3558 153 3625 „nis
175 3563 209 3625 et
231 3553 402 3626 Ciceronis
423 3557 524 3639 vitus,
546 3574 642 3643 quum
663 3571 794 3623 numero
815 3551 975 3623 xxviii.
998 3554 1106 3624 adhuc
1127 3576 1191 3628 ex·

100 3665 205 3747 stent,
226 3658 312 3726 uliae
334 3663 534 3727 vetustatem
558 3675 622 3724 non
643 3655 793 3740 tulerint,
814 3673 879 3724 nou
899 3656 999 3726 multo
1020 3655 1190 3747 pustlpuom

101 3758 208 3826 Romu
245 3759 401 3826 subsidiis
430 3757 630 3828 necessariis
667 3757 938 3828 instructissimus
966 3758 1191 3829 Chaeroneam

11 3915 35 3949 ·.
101 3855 419 3952 revertissotss’tnt
442 3861 500 3926 vit
517 3858 612 3928 lium.
627 3879 658 3928 c.
671 3853 735 3951 3.)
753 3857 925 3947 scripserit
944 3879 1087 3930 necesse
1108 3867 1192 3930 csc“

102 3961 173 4027 Fac
194 3967 314 4051 uuum,
334 3960 421 4048 quud
441 3979 506 4028 non
527 3959 764 4043 concesserim,
781 3960 916 4045 juvenis
936 3961 1111 4049 scripserit
1129 3962 1192 4032 hae

102 4059 144 4141 ll.
159 4067 259 4133 orati·
270 4061 372 4152 vitus,
386 4067 496 4132 tumen
509 4061 622 4129 mirum
634 4066 698 4142 est,
709 4059 795 4148 quod
808 4061 892 4132 alios
902 4061 1001 4132 multo
1012 4063 1159 4156 apertius
1171 4079 1194 4132 o
