2610 4860
391 239 394 247 '
536 230 711 322 -=ar'a
771 256 913 320 --f
1033 275 1039 286 ·

78 482 82 488 ,
130 422 273 522 ,itaqua
286 419 461 512 votorum
477 426 600 513 'eoam
618 417 946 517 deieudttdreopoid.
967 421 1023 516 qul
1042 427 1099 504 ab·
1114 422 1226 495 adoro
1274 507 1279 523 ¹

128 524 260 598 rivom
279 522 516 617 adverbialiter
536 542 595 614 pro
609 518 834 593 rioomolruror
848 521 1071 616 reetptendou
1084 530 1121 597 et
1140 513 1238 596 euru'

129 645 276 698 annua
312 624 613 697 benevolentia
655 625 965 702 vertendum-erae
1001 633 1126 697 eenret.
1178 628 1226 698 dt

55 747 83 814 ι,
130 727 217 799 idem
232 730 302 816 ianr
323 745 384 817 per
411 724 527 813 drop
551 733 608 798 eat
633 745 839 817 expressum.
859 727 990 799 -Atiaru
1021 729 1122 820 igitur
1151 730 1227 798 iniit

128 829 218 920 ulau
238 828 457 913 Sebaeienra,
479 829 534 920 qui
554 828 680 899 verber
700 835 746 909 rte
766 829 877 897 edom
897 827 1028 899 rinocore
1048 833 1225 924 expliwitt

102 938 175 1018 ¹alc
194 928 235 1001 rb
254 928 427 1018 τυγχάνειν
447 929 553 1013 πάσης
572 928 703 1010 εὐνοίας
725 936 800 1012 „tot
821 928 980 1001 benoncia
1001 932 1044 1002 ab
1065 953 1106 1003 eb
1134 933 1226 1004 aeci·

129 1035 280 1126 pientes,
313 1033 350 1100 ut
369 1032 464 1122 plura
490 1051 511 1101 a
538 1030 605 1101 deo
632 1033 924 1119 exspectare'non
952 1032 1130 1121 possent.“
1180 1035 1228 1103 at

48 1191 60 1216 .-
130 1136 214 1205 haee
232 1133 264 1202 ai
284 1132 403 1202 luisset
425 1131 591 1200 Plutarchi
613 1132 790 1211 sententia,
811 1133 896 1200 antia
918 1140 1068 1203 contorte
1089 1142 1124 1203 et
1145 1137 1227 1205 mire

129 1237 260 1306 loeutua
291 1241 405 1314 earet,
449 1234 569 1322 quippe
590 1234 646 1322 qui
667 1252 787 1301 causae
808 1233 990 1312 allaturus,
1031 1253 1090 1302 eur
1110 1233 1227 1305 Sabini

32 1392 37 1399 .
131 1337 222 1407 'l'atii
243 1335 391 1423 eaedem,
411 1335 503 1420 cujus
523 1341 677 1401 auctores
690 1334 847 1401 Romulus
868 1353 934 1403 uon
957 1335 1141 1426 puniverat,
1162 1355 1227 1406 nou

63 1428 72 1449 ‘
130 1457 233 1525 aegre
255 1436 399 1515 tulerint,
420 1434 609 1520 aeripaeritr
630 1434 688 1501 atii
709 1433 941 1503 benevolentia
963 1455 1043 1524 erga
1064 1456 1147 1522 eum,
1170 1439 1226 1506 alii

90 1572 93 1575 ·
130 1552 219 1610 metu
240 1538 427 1628 potentine,
471 1535 526 1604 alli
548 1534 689 1626 denique
710 1533 755 1614 ὠς
776 1536 847 1620 θεῷ
866 1533 1027 1622 χρώμενα
1048 1544 1094 1617 ele
1112 1540 1226 1607 πᾶσαν

129 1638 262 1709 rivom
285 1634 514 1723 θαυμάζοντες
534 1639 703 1704 διετέλουν.
733 1635 867 1703 Nonne
891 1637 943 1705 nio
964 1657 1029 1706 nou
1049 1639 1154 1708 sotum
1182 1639 1225 1709 ad

129 1739 359 1826 θαυμάζοντες
381 1739 542 1823 obJ‘eeturn
563 1736 756 1822 desideras,
778 1737 838 1804 aed
861 1737 959 1804 etiam
981 1741 1149 1808 tertinma
1171 1760 1227 1810 ee·

130 1842 213 1912 teria
234 1840 401 1909 diversam
423 1857 557 1906 eausam
577 1836 655 1906 addi
675 1827 878 1927 exspeetusl
908 1839 1029 1927 Scribe
1050 1840 1165 1928 igiturr
1194 1848 1228 1911 ot

131 1944 155 2014 δ
181 1939 311 2028 &edepl
330 1937 491 2030 χρώμενοι
513 1940 623 2008 πᾶσαν
643 1931 797 2022 &repleo
818 1936 1045 2022 θαυμάζοντες
1057 1942 1229 2025 διετέλουν,
1265 1976 1272 1994 ·

100 2051 166 2116 ‚at
195 2043 362 2114 sententia
390 2042 454 2110 ait:
496 2040 553 2110 atii
575 2059 648 2108 eum
672 2052 706 2106 ιιι
729 2040 824 2109 deum
847 2041 997 2110 colentes
1018 2039 1082 2136 (eo
1102 2049 1138 2111 ut
1161 2042 1224 2114 deo

61 2165 69 2176 ·
130 2147 182 2217 nai
203 2147 323 2235 quippe
345 2151 479 2213 auetore
501 2141 638 2229 legitimi
660 2137 810 2235 imperii)
833 2143 962 2211 omnino
985 2141 1101 2212 bonum
1115 2145 1228 2235 reipu-

67 2272 72 2279 ’
132 2246 237 2317 biicae
256 2251 378 2314 atatunr
400 2245 474 2313 aive
496 2243 641 2314 ordinem
662 2238 729 2337 (ex
753 2244 893 2312 rectoria
916 2243 1088 2333 prudentie
1109 2252 1245 2319 etun-¹

61 2413 68 2425 ,
97 2398 102 2414 .
132 2346 244 2418 derna
286 2342 488 2440 protectum)
531 2344 639 2433 magui
683 2344 793 2414 lacere
832 2338 1030 2437 (admirari)
1068 2344 1230 2420 uolebant.

133 2446 228 2533 Quae
248 2447 333 2517 ratis
354 2446 472 2517 idonea
493 2453 529 2516 et
549 2466 571 2517 a
591 2446 714 2515 ceteris
734 2447 870 2516 diversa
901 2453 974 2515 erat
1003 2466 1128 2532 carrea,
1171 2470 1230 2520 eur
1260 2486 1264 2495 ·

132 2549 235 2638 quieti
255 2556 426 2617 manerent
447 2566 556 2636 neque
578 2547 745 2615 tumultum
766 2547 982 2616 excitarunt“
1023 2547 1100 2616 Diei
1119 2560 1229 2620 auteur

132 2650 193 2719 vix
214 2655 326 2738 puteat
353 2655 497 2737 qunntne
524 2647 719 2734 tragoediae
747 2648 808 2715 true
836 2650 976 2715 maxime
1001 2645 1094 2730 loco,
1135 2652 1232 2738 quael

133 2749 254 2838 capital
277 2749 430 2819 iecissem
452 2749 537 2818 haee
556 2750 729 2830 scribens,
771 2752 838 2815 rint
872 2747 1062 2836 excitatae,
1103 2768 1229 2840 eaeque

32 2846 40 2861 “
136 2870 202 2918 nou
229 2849 334 2916 sutum
364 2849 480 2915 aviro
507 2847 646 2938 quodam
674 2868 694 2916 a
720 2868 773 2917 are
800 2849 884 2915 alian
904 2848 1014 2931 magni
1043 2851 1228 2937 aestimato,

31 3030 37 3037 ,
136 2951 192 3040 qui
216 2949 315 3040 adeo
350 2949 537 3017 schedulam
569 2969 671 3019 aure
706 2957 741 3018 ut
774 2950 847 3034 ejus
881 2947 1007 3031 injuriis
1042 2951 1230 3039 responde·

134 3069 206 3119 rem
226 3047 269 3117 ad
290 3051 396 3139 ipsum
417 3050 524 3117 aubito
546 3052 703 3139 scriptam
725 3051 858 3118 nummis
882 3066 989 3116 rerum
1009 3050 1229 3124 scholastica·

137 3168 208 3219 rum
241 3151 277 3217 iu
310 3151 420 3237 patria
452 3150 633 3236 praelectio
665 3151 747 3218 elam
779 3147 930 3228 tradidit,
973 3171 1036 3238 quo
1071 3153 1227 3224 intentio·

27 3337 29 3340 Ι
135 3272 193 3320 rea
219 3251 298 3319 mibi
324 3267 385 3318 eoa
412 3249 593 3332 redderet,
635 3248 825 3318 sedetiam
853 3268 876 3316 a
901 3247 1023 3320 dabnio
1050 3254 1228 3344 Lipsienai,

135 3353 191 3443 qui
220 3352 332 3420 neseio
361 3370 444 3439 quaa
474 3350 703 3419 euvittationea
736 3352 771 3416 in
799 3351 860 3418 boe
887 3349 997 3419 libello
1024 3362 1142 3423 notans
1169 3380 1231 3448 pro

137 3473 228 3527 auore
247 3453 291 3521 de
311 3454 445 3540 reipsa
473 3453 538 3535 nil,
581 3453 652 3519 nisi·
673 3450 790 3519 laudea
811 3447 969 3538 quasdam
989 3456 1023 3520 iu
1043 3455 1247 3529 uuiversum·

135 3556 266 3634 attulit,
311 3550 372 3621 aed
406 3552 527 3620 multus
558 3552 618 3619 luit
645 3551 678 3617 iu
711 3550 835 3638 aliquot
862 3550 980 3634 jocose
1015 3560 1050 3621 et
1081 3555 1227 3630 hilariter

137 3654 236 3722 dictis
265 3652 511 3740 improbandis,
552 3670 638 3740 quae
666 3651 788 3720 morosi
817 3648 956 3716 hominia
981 3650 1075 3722 bilem
1110 3679 1228 3731 move.

30 3765 38 3805 ·'
136 3763 222 3825 rant
264 3752 349 3844 Quid
370 3745 496 3821 multat
538 3753 654 3843 quibua
676 3753 787 3820 neseio
809 3750 919 3818 causia
940 3761 1223 3831 conuouodah-

135 3855 210 3924 uiua
250 3854 419 3944 „eritiei
458 3853 682 3941 protereus
724 3860 845 3920 artes
889 3851 1092 3928 delatoria
1128 3867 1224 3954 agit

134 3952 322 4046 partea.“
363 3954 533 4021 biittamua
562 3960 672 4021 tamen
702 3971 834 4021 eausam
856 3951 940 4020 bana
965 3956 1126 4047 pusillam,
1154 3985 1221 4056 qun

43 4090 48 4097 ·
136 4057 256 4146 puritia
288 4053 455 4144 gaudeant
486 4053 621 4141 ingenia
656 4060 691 4123 et
726 4052 901 4120 redeamus
931 4051 974 4121 ad
1009 4055 1110 4133 locun
1148 4067 1222 4136 1ιο-

40 4141 46 4154 ’
135 4158 233 4246 nuti,
272 4156 336 4228 boe
373 4154 558 4242 addentes,
599 4174 664 4226 uon
698 4154 782 4223 male
814 4153 856 4222 ab
883 4151 1033 4245 Euporie
1064 4164 1097 4235 ia
1129 4167 1226 4238 Dior.
