2610 4860
254 121 260 132 ι
427 130 431 136 .
568 134 570 139 ,
685 121 692 132 “
796 128 843 141 ιι

304 166 306 170 v
859 161 865 172 1

227 220 240 232 Q
363 206 432 230 ,1

174 266 187 282 ,
306 233 365 269 ,-
457 207 630 282 ..με
691 239 759 266 ....

10 406 17 422 s
53 376 111 468 qui
128 370 376 467 bialum-nepos
395 371 451 464 nbi
471 393 575 468 psusa
591 373 1145 466 ‚est313aspusaein-'partleolistst

30 479 210 552 'nisuns
222 476 441 561 accessoriis,
458 494 576 566 oeque
592 477 626 547 io
647 476 830 549 nominibus
850 477 1009 574 propriis,
1034 495 1143 566 neque
1166 510 1173 521 ·
1202 504 1204 510 ·

42 575 460 671 'mpmnosoomdncmut
487 578 667 648 rationibus
678 624 713 663 „.
731 596 818 669 quae
841 593 907 649 uon
935 587 1016 668 apte
1047 579 1146 647 aliter

53 685 207 770 poteraut
235 679 393 768 exprimi,
431 697 539 768 neque
567 679 709 769 denique
736 679 790 749 nbi
816 696 859 749 ex
881 678 1014 749 aliorum
1035 686 1146 750 mente

53 780 211 870 loquitur,
231 778 364 849 vitavit.
403 780 461 874 ¹An
483 780 626 850 tortasse
646 780 744 863 etiam
765 779 800 850 in
820 779 898 850 sliis
918 778 1000 849 loeis
1021 779 1143 848 hiatum
1210 791 1246 829 ··

54 879 194 968 aliquem
214 878 401 962 admiserit,
430 878 570 949 ,dubium
596 893 674 971 est,¹
708 882 789 970 quis
804 878 847 950 ad
868 879 1023 969 pleraque
1043 878 1145 948 Plut·
1242 914 1246 977 ξ

54 981 144 1051 archi
165 980 291 1068 scripta
311 979 450 1049 nondum
472 980 547 1050 boui
568 979 701 1049 codices
724 988 880 1050 accurate
904 987 941 1048 et
972 979 1147 1069 diligenter
1243 991 1246 1011 '

56 1086 136 1155 suot
153 1079 279 1162 colluti,
302 1079 364 1149 boc
389 1091 497 1151 tamon
518 1079 692 1149 etiamnum
713 1080 953 1162 contenderim,
996 1081 1025 1148 si
1060 1098 1145 1168 quos

55 1179 241 1269 admiserit,
273 1196 383 1249 eorum
411 1199 575 1249 numerum
603 1186 695 1249 certe
714 1181 876 1250 minimum
904 1180 1017 1252 tuisse·
1035 1181 1146 1249 -Num

10 1349 11 1360 ¹
56 1280 111 1368 qui
126 1281 272 1367 ,scriptor
293 1279 453 1348 vocalium
476 1279 719 1348 concursionem
740 1279 894 1351 vitiosum
915 1298 993 1350 esse
1008 1280 1148 1370 cenauit,
1292 1301 1296 1310 ·

55 1376 153 1467 idque
167 1376 375 1446 l’lutarcbum
397 1377 518 1444 iecisse
542 1392 586 1443 ex
606 1396 725 1467 magna
744 1382 818 1466 ojus
839 1380 1032 1466 scripturum
1054 1386 1149 1467 purte
1244 1427 1246 1434 ·

51 1479 128 1566 jure
148 1476 344 1564 concludes,
365 1485 466 1555 cavat
485 1476 594 1558 etium,
616 1496 660 1548 ne
681 1477 840 1564 eiusmodi
861 1479 943 1545 vitia
963 1480 1152 1550 committat.

58 1577 152 1664 Quod
174 1586 283 1648 autem
302 1570 501 1647 Plutarchus
521 1578 555 1646 in
575 1578 657 1647 libro
678 1576 722 1649 de
741 1578 845 1666 glorio
867 1578 990 1648 Athen.
1025 1597 1052 1648 c
1074 1583 1151 1649 vu.

59 1678 102 1749 de
123 1684 270 1748 Isocrate
292 1679 442 1765 scripsitr
486 1667 714 1757 succisoris
733 1667 1060 1771 φιαλλεόᾶνθρωκος
1079 1664 1177 1768 sad-¹⁸
1219 1678 1222 1685 ’

15 1834 19 1842 ,
59 1803 126 1869 pos
147 1775 254 1846 ὅπλων
274 1777 461 1867 φοβεῖσθαι
481 1782 538 1846 sui
560 1776 731 1862 σύῥρηγμα
752 1780 940 1865 φάλαγγος,
983 1777 1002 1847 ὁ
1023 1778 1146 1869 ‹popici-

57 1902 153 1966 μενος
173 1880 300 1968 φωνῆεν
320 1875 478 1967 φωνήεντι
498 1880 707 1967 συγκροῦσαι,
728 1883 785 1946 scel
807 1881 958 1965 συλλαβῇ
973 1877 1013 1949 so*
1033 1881 1152 1950 ludam·

60 1983 119 2050 λον
138 1981 239 2059 tudsdc
258 1977 455 2063 ἐξενεγκεῖν,
495 1980 532 2047 in
552 1998 593 2048 eo
614 1980 719 2066 magia
734 1980 870 2066 juvenis
891 1979 1059 2049 Plutarchi
1080 1982 1162 2051 sat-⁴

61 2102 132 2151 snm
160 2082 328 2171 leporem,
371 2099 436 2149 non
458 2089 566 2151 autem
588 2087 787 2151 contemtum
810 2081 887 2148 talis
909 2081 1074 2151 scribendi
1095 2102 1152 2152 rs-

30 2182 346 2272 -ttoniszseportes
411 2178 504 2263 Quae
533 2200 604 2250 cum
631 2183 679 2250 ita
704 2185 796 2267 sint,
831 2178 955 2272 poteris
982 2183 1171 2253 Plutarchi·

61 2285 146 2376 quae
167 2285 313 2354 feruntur
334 2280 460 2370 scriptu
479 2283 512 2351 in
534 2289 605 2352 tres
626 2283 822 2353 distribuere
842 2283 986 2366 classes,
1008 2284 1049 2351 ad
1071 2306 1152 2374 qun

61 2374 133 2454 runi
152 2384 286 2474 primam
308 2402 349 2452 es
370 2391 448 2451 aunt
467 2383 692 2465 numeranda,
735 2385 768 2453 in
798 2384 913 2472 quibus
935 2385 1152 2471 paucissimos
1272 2396 1275 2402 ’

51 2487 139 2556 ‘sive
158 2485 266 2553 nullos
287 2483 393 2553 adhue
413 2482 509 2553 videa
530 2490 660 2551 restare
682 2483 800 2552 bintus.
822 2482 895 2551 -Ad
918 2485 1152 2553 alteromclus-

17 2659 21 2670 ,
63 2605 133 2656 sem
155 2605 198 2655 eu
217 2585 339 2667 refero,
381 2583 415 2653 iu
437 2582 552 2673 quibua
573 2584 694 2651 nullum
715 2583 822 2652 bintus
842 2583 990 2653 evitandi
1012 2584 1155 2656 studium
1182 2666 1184 2671 ¹

63 2690 119 2760 est
139 2685 497 2777 perspicurrm,vclurti,
518 2683 549 2751 ai
569 2683 735 2755 literarum
756 2684 901 2756 ordinem
924 2685 1098 2775 sequimur,
1121 2681 1155 2753 ld

10 2776 14 2790 '
65 2786 327 2860 desideravimus
348 2783 571 2880 iulsnuntoriis
593 2786 851 2865 narrationibus,
893 2788 925 2855 in
952 2784 1154 2872 apophtheg·
1203 2801 1209 2815 ·
1274 2819 1282 2830 ·

65 2889 163 2957 matis
183 2885 376 2962 Laconicis,
399 2886 432 2948 in
454 2882 678 2947 consolatione
703 2882 745 2947 ad
766 2881 989 2972 Apollonium,
1017 2883 1050 2950 in
1073 2883 1157 2952 libro

66 2987 110 3056 de
138 2985 230 3072 into,
271 2981 315 3052 de
346 2980 549 3069 numinibus,
590 2977 634 3047 de
655 2979 790 3048 Homeri
812 2982 883 3050 vita
903 2989 939 3049 et
960 2980 1053 3070 puisi
1074 2982 1158 3051 libro

67 3094 222 3173 utroque,
259 3082 302 3150 de
335 3080 508 3150 laconicis
538 3078 718 3161 institutis,
752 3079 785 3149 in
813 3081 1037 3152 baeaeuarum
1070 3101 1158 3170 apo·

67 3184 303 3278 pbtbegmatis,
322 3184 365 3252 de
377 3183 511 3267 musica,
532 3177 574 3249 do
590 3180 713 3260 metris,
735 3180 778 3249 de
796 3181 977 3262 nobilitate,
999 3180 1157 3250 ineratu-

19 3338 23 3347 .
68 3307 137 3356 rum
158 3285 272 3353 decem
293 3281 385 3371 vitis,
405 3282 438 3350 in
450 3278 815 3368 parallelismiuoribua,
837 3282 976 3349 inlibris
994 3281 1036 3349 de
1050 3283 1160 3368 pbilo-

68 3387 243 3476 sophorum
264 3382 404 3472 placitis,
425 3381 472 3449 iu'
480 3380 675 3468 proverbiis.
717 3381 766 3448 at
786 3400 829 3451 nc
851 3401 933 3449 uuus
954 3380 1082 3468 quidem
1097 3370 1179 3451 bo·ss

62 3507 138 3556 rum
158 3485 309 3553 librorum
330 3489 400 3565 est,
431 3481 495 3549 nisi
516 3482 660 3550 tortasse
678 3480 798 3551 librum·
813 3481 856 3553 de
876 3483 998 3551 musica
1020 3483 1161 3570 excipis,

23 3605 30 3618 ·
71 3589 125 3677 qui
146 3607 211 3654 nou
231 3604 254 3652 a
275 3583 357 3652 viris
371 3582 487 3652 ¹doctis
501 3583 570 3669 iam
598 3582 643 3650 sit
670 3582 744 3651 aliis
775 3582 819 3653 de
847 3584 958 3653 causis
980 3582 1160 3653 Plutarcho

71 3685 295 3774 abjudicatus,
335 3703 441 3774 neque
463 3684 628 3774 probabile
649 3690 727 3773 est,
768 3686 959 3773 scriptorem
981 3685 1035 3775 qui
1057 3686 1090 3755 in
1111 3692 1162 3754 tot

45 3800 49 3809 “
71 3789 146 3859 aliis
167 3784 301 3873 scriptis
322 3792 446 3855 mutam
467 3787 501 3853 in
523 3785 611 3854 biatu
632 3785 787 3856 evitando
801 3791 946 3874 posuerit
963 3808 1106 3876 operam,
1127 3787 1162 3856 iu

10 3961 19 3980 ,
73 3890 147 3960 aliis
168 3888 263 3972 hujus
290 3888 374 3954 ortis
402 3907 537 3976 prorsus
564 3907 641 3957 esse
670 3888 822 3971 oblitum,
865 3881 1059 3977 praesertim
1090 3907 1162 3958 cum

74 4010 117 4063 ne
138 4008 182 4058 ex
197 3993 314 4056 octale
333 3987 468 4077 quidem·
483 3990 651 4058 excusatio
673 3994 750 4078 apta
770 3990 878 4075 possit
899 3991 1100 4081 repetique
1120 3989 1171 4060 de·
1191 4054 1193 4061 .
1225 4006 1228 4014 ·

75 4110 114 4162 re
134 4109 235 4180 supra
255 4087 350 4177 plura
368 4091 472 4161 attuli.
516 4089 620 4176 Quod.
635 4098 743 4161 autem
770 4089 905 4178 plurima
933 4090 1046 4160 borum
1074 4091 1192 4196 scri-3
