2610 4860
158 336 271 424 uituli,
308 337 408 409 etinur
428 333 611 428 Dionysius
631 338 738 409 iiniir.
759 339 793 410 iu
814 337 880 429 Bp.
900 337 944 411 ud
965 337 1027 411 co.
1049 338 1195 432 Pompei.
1216 360 1247 415 c.

164 437 229 529 tr,
254 435 318 509 to.
338 437 461 526 remitit,
481 439 565 529 qood
586 436 701 509 codem
721 458 801 510 curu
820 440 980 511 vocalium
1002 442 1249 512 concursionem

161 537 291 626 ingerit
332 536 478 628 Scripsit
504 542 589 610 enim
615 539 678 607 ibir
721 537 769 608 Ei
795 537 830 608 ιλ·
861 537 1021 632 ὑπερεῖδεν
1047 547 1083 609 ιι
1109 538 1248 626 τούτοις,

43 651 51 666 ‘
160 635 218 729 ις’
242 634 293 717 οἷς
311 635 447 725 μάλιστ’
471 637 514 709 ἄν
534 636 728 724 ἐσπούδακα,
757 642 869 724 eriere
888 641 1075 727 συμπλοκῆς
1093 644 1158 711 τῶν
1178 666 1248 734 rpor-

143 747 299 824 ’νςίιτοιν
325 739 526 828 γραμμάτων
551 743 609 810 ναι
636 742 693 822 τῆς
718 741 869 825 ιιυιιλιιιῆς
892 739 1076 830 εὐρυθμίας
1099 744 1164 812 τῶν
1195 765 1250 813 ιιι-

161 843 279 931 ριόδοιν
298 845 356 911 sui
384 843 441 925 τῆς
466 841 644 927 ὁμοειδείας
664 843 729 910 τῶν
754 848 1009 963 σχηματισμῶν,
1051 847 1134 914 πολὺ
1154 847 1251 930 dued-

162 966 226 1011 νυν
256 941 300 1011 ἄν
331 930 371 1024 ἦν
405 939 505 1021 αὐτὸς
531 945 650 1011 ἑαυτοῦ
682 966 770 1012 κατα
805 941 865 1025 τὴν
897 941 1030 1032 φράσιν.
1095 942 1252 1056 Idemque

162 1044 233 1114 iere
255 1043 381 1131 judicet
399 1041 533 1126 Quintil.
557 1043 620 1125 tx,
644 1041 691 1127 4,
720 1041 785 1112 35.
827 1043 930 1135 „Non
958 1052 1067 1113 temen
1095 1043 1128 1112 id
1152 1040 1197 1136 (i.
1218 1062 1249 1114 e.

162 1145 323 1214 vocalium
351 1138 552 1236 concursus)
591 1149 627 1211 ut
658 1144 781 1213 crimen
813 1144 930 1231 ingens
964 1145 1252 1234 expavescendum

66 1281 70 1288 ·
162 1254 238 1341 σοις
259 1265 300 1315 no
320 1247 433 1315 nescio
454 1244 655 1332 negligentia
674 1245 708 1313 in
730 1243 792 1313 hoe
812 1263 855 1312 nn
875 1243 1058 1315 soiiieitudo
1079 1246 1125 1314 uit
1148 1247 1251 1336 pejor.

38 1390 44 1402 ·
162 1347 314 1419 inhibent
334 1347 418 1416 enim
438 1363 582 1414 neeesse
604 1352 659 1414 est
680 1346 734 1415 hic
754 1351 862 1414 metus
883 1343 1035 1434 impetum
1066 1346 1193 1418 dieemii
1215 1354 1252 1418 et

97 1523 104 1534 ‚
162 1467 185 1516 n
205 1446 384 1536 potioribus
404 1453 546 1516 evertet.
588 1443 698 1528 θοντο
720 1451 755 1514 ot
775 1446 997 1534 negligentiae
1018 1454 1072 1516 est
1093 1469 1171 1539 pers
1190 1448 1252 1520 hoc

162 1547 252 1636 poti,
274 1547 322 1614 iin
341 1546 545 1627 humititatis,
566 1547 683 1634 ubique
704 1545 967 1638 perhorrescere,
986 1548 1166 1638 nimiosrprc
1188 1570 1253 1620 non

162 1647 322 1716 immerito
349 1649 381 1714 iu
409 1649 471 1715 hnc
499 1667 577 1715 curn
605 1654 723 1733 putent
748 1666 862 1715 omnes
893 1647 1072 1718 isoerutem
1108 1656 1253 1742 secutos,

164 1747 406 1835 praecipueque
428 1744 709 1834 Theopompum.“

250 1845 343 1930 Quod
375 1853 484 1914 notem
513 1854 579 1914 tum
606 1865 730 1935 graves
756 1846 937 1935 scriptores
967 1847 1012 1917 de
1039 1848 1250 1941 Theopompo

162 1956 240 2015 sunt
261 1948 386 2028 testati,
407 1948 439 2014 id
463 1947 658 2015 iucuientius
679 1947 776 2015 etium
798 1967 842 2016 ex
863 1951 935 2033 eius
955 1949 1090 2037 seriptis
1111 1951 1167 2019 vei
1188 1971 1251 2041 po·

165 2050 231 2117 tius
251 2049 444 2136 trugurentis
465 2054 580 2136 petent
600 2066 740 2117 neccsse
760 2056 833 2139 cst,
852 2055 889 2118 et
909 2067 1029 2118 revere
1049 2050 1083 2119 in

537 2266 705 2372 Cupite
738 2267 874 2373 primo

385 2403 426 2456 dc
449 2405 546 2459 uictu
571 2406 604 2458 iu
629 2405 836 2473 'theopompi
866 2404 1035 2473 rcitputir

164 2553 290 2641 exiis,
315 2570 401 2641 quine
422 2553 582 2622 Wiehers
603 2553 737 2643 eoiiegit
762 2559 799 2622 et
819 2550 969 2640 Lugdun.
991 2552 1113 2626 Betuv.
1138 2552 1255 2630 1829.

164 2651 285 2743 edidit,
321 2652 405 2723 huno
426 2661 571 2722 veternrn
592 2655 788 2724 sententium
810 2653 993 2724 eontirrnnri
1014 2654 1255 2740 demonstreho,

164 2752 260 2821 modo
281 2770 323 2822 en
344 2755 544 2836 omittuntur,
565 2754 596 2822 in
619 2755 734 2845 quihus
752 2774 816 2827 non
838 2755 911 2843 ipso
925 2754 1128 2845 Theopompi
1150 2757 1255 2827 verbe

164 2857 352 2922 efferuntur.
395 2853 448 2922 itu
469 2855 502 2922 in
522 2855 635 2943 irngru.
659 2852 732 2922 vii.
754 2874 797 2924 ex
817 2854 990 2944 Stephano
1013 2877 1041 2923 s.
1063 2875 1098 2924 v.
1123 2853 1256 2943 Χρυσό-

165 2956 276 3035 noire,
299 2960 335 3023 et
353 2953 430 3021 XV.
451 2974 494 3023 ex
516 2957 638 3025 Athen.
662 2956 728 3044 Vl,
749 2952 839 3023 271.
861 2956 883 3023 i.
903 2990 947 3010 -
968 2955 1058 3025 272.
1081 2976 1110 3026 n.
1140 2958 1258 3028 nntium

166 3054 315 3143 reperies
337 3055 477 3143 histum,
511 3056 572 3123 nisi
595 3056 628 3122 in
649 3055 711 3124 hoe
730 3057 765 3124 ei
784 3053 958 3139 Ἐλεάτου,
978 3057 1065 3146 quod
1086 3060 1257 3148 corrigen-

166 3154 239 3224 dum
268 3157 342 3224 erit.
385 3153 424 3222 ln
447 3155 561 3242 irngm.
584 3154 712 3224 xxiii.
733 3161 790 3224 ιιαι
812 3161 846 3224 oi
867 3157 986 3226 Θασίοι
1011 3163 1163 3246 ἔπεμψαν
1192 3179 1257 3231 nott

165 3264 258 3326 reete
286 3255 352 3342 iegi
373 3255 458 3323 vidit
480 3255 639 3323 Wiehers
666 3258 869 3345 eouJeeitqne
896 3255 995 3325 ιιυιό
1022 3259 1143 3339 Ταχώς
1163 3264 1256 3345 then·
1284 3282 1287 3286 ·

165 3375 213 3439 ιμε
235 3377 313 3426 esse
334 3355 517 3441 tegendum.
560 3353 654 3437 Quod
676 3355 706 3422 si
727 3375 840 3425 verum
863 3366 937 3440 est,
969 3358 1138 3426 urtieoium
1159 3361 1258 3427 etium

151 3455 357 3543 deleverim.
401 3455 441 3522 lu
463 3454 578 3523 eodem
600 3457 780 3539 irugmento
801 3458 836 3524 di
854 3455 1048 3542 Ἀγησίλαος
1063 3457 1145 3524 rneie
1159 3459 1258 3527 hniret

168 3563 204 3624 et
225 3553 298 3622 ouidi
318 3558 422 3637 ίγνω,
450 3556 544 3640 pejus
565 3555 663 3621 etium
684 3552 704 3632 ἢ
724 3552 842 3636 αὐτὸν,
870 3559 963 3641 cnjus
986 3555 1058 3622 ioco
1080 3573 1151 3621 eoru
1179 3556 1257 3645 ἦτορ

167 3652 271 3721 αὐτὸν
291 3653 426 3721 dedisse
447 3653 596 3722 dixerim.
640 3652 705 3720 Est
732 3654 793 3721 hoo
816 3655 926 3736 tregru.
955 3674 998 3722 ex
1022 3655 1142 3724 Athen.
1164 3655 1259 3745 xiv,

169 3751 260 3820 057.
287 3753 319 3819 h.
348 3754 496 3839 petitum.
553 3752 592 3819 in
621 3753 732 3838 irngm.
760 3752 918 3820 xxviii.
948 3773 976 3820 n.
1007 3752 1144 3840 i'oiyhio
1173 3753 1257 3824 Erro.

168 3855 255 3924 ttist.
276 3851 359 3932 xii,
382 3849 454 3941 27,
475 3848 511 3919 8.
535 3852 637 3919 eiinto
659 3873 718 3940 pro
739 3854 979 3938 copperissent
1001 3853 1173 3942 legendnm
1194 3855 1259 3925 erit

169 3952 361 4039 συμβαίνειν
381 3953 453 4034 dni,
497 3949 699 4040 proeeedmrt
720 3952 804 4022 enim
827 3953 945 4020 τοῦτον
964 3957 1194 4038 μίν-τοῦτον
1214 3956 1259 4038 δι’,
1288 3972 1292 3979 ·

168 4069 254 4143 «ponc
275 4058 443 4119 structum
468 4051 649 4122 nceusutivi
677 4072 704 4122 e.
735 4051 851 4123 inimit.
876 4060 1063 4126 continente
1093 4062 1176 4125 emi.
1221 4053 1258 4126 in
