2610 4860
328 253 470 313 ι’·”
576 243 739 329 'a'
810 278 892 345 -u'
1113 304 1268 348 [ab

86 448 95 468 ,
168 370 977 515 μιιὲσοιιοοσοιιιοοωσιωιιοσμ
1017 368 1270 508 mohs,

169 546 227 596 ιιιι
247 523 290 595 sb
310 524 457 595 omnibns
476 521 548 598 tes
567 522 659 596 eodd
675 523 791 598 iteish.
809 533 845 600 et
857 525 966 598 nete
986 520 1259 631 (senemr.)

169 624 346 710 omittitur,
368 642 473 715 nequo
493 631 572 698 ente
593 626 764 696 Reisiriom
783 627 972 718 legebatur,
1007 620 1059 700 risi
1084 639 1194 706 ινλοι
1220 633 1258 706 ΙΙ

171 723 267 794 eodh.
291 728 376 816 Aug.
392 727 417 795 Ι.
432 726 475 795 ΙΙ.
497 723 548 817 K.
570 719 606 797 e‘t
625 748 654 797 s.
674 727 771 798 sbest
791 725 927 822 ejusque
946 729 1020 802 ioco
1039 727 1136 805 iidem
1157 732 1258 808 soth.

171 826 333 917 praebent
352 826 435 897 riser
454 832 533 899 sote
552 829 621 914 pis.
641 824 740 918 idque
759 848 879 901 revers
898 850 919 902 e
935 830 1160 905 Demosthene
1175 853 1260 925 pro-

80 996 85 1005 ,
140 1014 144 1021 Ι
171 927 289 998 ieetnm
310 936 389 999 esse
409 923 541 999 censeo.
573 928 819 1002 Demosthenes
840 932 924 1000 enim
946 933 1007 1005 hoe
1027 942 1082 1003 est
1091 934 1261 1006 dieturosr

135 1069 143 1079 ·
170 1052 250 1104 esse
266 1031 393 1121 quidem
410 1050 523 1102 versm
538 1028 622 1100 bono
637 1029 773 1101 Soionis
793 1034 1009 1103 sententismr
1030 1035 1135 1117 ..deos
1151 1036 1277 1108 hths‘

131 1138 134 1146 '
169 1153 232 1205 oss
253 1133 411 1204 servsre“
433 1154 473 1205 ss
495 1139 611 1223 putore
625 1139 660 1201 et
675 1135 771 1228 velie,
792 1135 896 1224 ipsnm
909 1134 1111 1225 optembsoe
1125 1155 1261 1210 οινοοσι

67 1288 70 1299 ,
169 1234 402 1327 quodammodo
413 1228 557 1326 proboie'
566 1233 709 1304 Deorum
730 1235 992 1306 benevolentiam
1012 1255 1052 1305 ss
1073 1256 1137 1308 non
1151 1241 1260 1311 minos

171 1347 298 1427 potore.
324 1337 416 1427 Ergo
432 1358 495 1408 non
508 1334 558 1406 oiri
572 1345 608 1407 et
620 1337 691 1429 νῦν,
713 1336 772 1407 sed
788 1339 895 1427 opinio
908 1342 943 1408 et
957 1337 1046 1428 optio
1060 1341 1260 1412 sententism

160 1458 250 1508 -esse
271 1459 384 1510 verorn
398 1447 433 1510 et
451 1460 524 1524 res,
546 1459 629 1531 quse
653 1440 847 1509 sententiom
868 1459 980 1509 veram
999 1459 1077 1511 esso
1097 1438 1262 1534 prebebit,

97 1594 100 1601 .
161 1542 234 1610 sibi
256 1543 467 1632 respondent.
494 1540 597 1627 erom
612 1541 704 1612 ieeiie
717 1549 825 1610 sutem
839 1537 889 1609 riri
905 1543 1004 1610 inseri
1016 1543 1168 1632 potuerit,
1191 1565 1259 1617 non

119 1666 137 1675 ’·
171 1642 324 1736 estquod
340 1643 520 1729 ostendam,
541 1667 604 1735 qno
625 1645 747 1714 inserto
768 1643 851 1714 εἶναι
872 1646 925 1711 est
945 1642 1106 1715 omissum.
1147 1644 1262 1719 inter·

172 1756 408 1835 probamentum
423 1748 534 1818 inesse
545 1744 638 1830 428,
661 1743 751 1816 266.
765 1747 798 1815 in
817 1745 945 1815 verbisr
967 1741 1027 1825 τὰς
1046 1744 1152 1826 πόλεις
1171 1745 1258 1819 (ὅκκ’-

91 1929 95 1939 ,
172 1871 235 1924 σοις
254 1847 498 1923 ἀπολωλέκεσαν
518 1872 577 1927 νοις
597 1855 632 1917 is
652 1850 691 1937 τῇ
709 1848 893 1935 Χαλκιδικῇ
914 1850 948 1915 oi
967 1843 1259 1940 rpobebinsropb·
1294 1886 1303 1899 ·

84 1950 90 1965 “
173 1949 242 2018 noti
267 1944 583 2018 sont'hiorkiondns
617 1956 653 2021 et
680 1950 843 2038 Tsyioros
858 1997 879 2033 ,,
909 1956 1002 2018 reete
1037 1947 1259 2022 dissentiente

99 2100 102 2108 .
173 2046 372 2131 Schoeiero,
402 2050 456 2137 qui
478 2057 588 2119 tomen
610 2051 642 2119 io
665 2071 705 2122 eo
724 2054 866 2128 erravit,
894 2048 1036 2141 quodsi
1055 2049 1260 2138 προδιδόντος

143 2165 146 2172 ’
173 2149 390 2220 onrummono
412 2149 454 2218 de
475 2151 634 2238 corruptis
655 2150 833 2219 bominibus
854 2149 939 2234 istis,
961 2149 1003 2219 de
1025 2151 1139 2239 quibus
1155 2171 1260 2241 supro

133 2240 285 2318 ''orotor
305 2258 357 2317 est
378 2249 521 2334 boeotos,
543 2249 714 2319 inteiiexit.
757 2247 917 2344 Epoidem
939 2251 1048 2338 potios
1069 2271 1139 2320 cnm
1160 2251 1259 2324 eodd.

174 2348 280 2418 ΣΚο
296 2350 439 2439 iecerim,
461 2350 514 2438 qui
527 2352 694 2418 erticoinm
716 2356 749 2422 oi
770 2353 919 2419 omittunt
933 2357 969 2418 et
979 2350 1180 2436 προδιδόντος
1191 2371 1260 2420 ex·

174 2450 340 2539 piieoerim
361 2471 421 2538 per
442 2451 718 2532 „trodentes.“
759 2452 844 2519 Nom
867 2450 1044 2536 subiectum
1065 2449 1109 2519 sd
1128 2449 1259 2520 sisoim-

95 2616 97 2621 .
174 2551 310 2618 ierem
330 2571 443 2620 ornnes
464 2560 541 2620 sont
561 2550 725 2640 Olynthii,
754 2552 808 2639 qui
829 2549 978 2618 dicuntur
997 2552 1125 2632 χιλίους
1143 2559 1259 2634 ιἰικέιις

174 2659 383 2737 κεκτημένοι,
426 2655 551 2731 πλείους
585 2652 673 2731 ὄντες
708 2650 729 2732 ἢ
760 2649 881 2739 μύριοι.
895 2659 931 2720 'et
958 2670 1041 2739 quae
1069 2660 1257 2740 sequuntur.

175 2752 262 2821 Nom
283 2772 403 2821 censes
424 2751 486 2820 hos
507 2772 619 2821 omnes
640 2754 823 2841 proditores
845 2743 975 2820 suissed
998 2751 1174 2823 tradidisse
1196 2772 1259 2823 οσὸ

106 2862 111 2872 ’
177 2862 244 2923 tem
264 2856 361 2923 nrbes
382 2874 495 2921 omnes
516 2856 548 2921 in
570 2861 659 2922 terro
683 2853 869 2945 Choieidiert
890 2861 981 2922 recte
1001 2853 1174 2941 dicuntur,
1196 2874 1259 2924 oe·

174 2974 238 3044 qne
260 2956 431 3045 Phiiippus
451 2955 630 3024 soitieiebnt
662 2954 759 3022 orbes
787 2954 1003 3023 tredentibose
1043 2953 1166 3022 Vertes
1193 2955 1260 3044 igi-

92 3060 94 3063 ’
174 3064 244 3124 ture
281 3059 332 3126 sie
353 3057 464 3125 hutten
485 3049 550 3125 siis
570 3055 692 3125 Stridte
714 3052 953 3123 in'Cbsicidiee
975 3055 1075 3132 durch
1097 3051 1261 3147 (ireiwii·

176 3152 266 3248 lige)
283 3157 474 3243 Uebergsbe
488 3157 651 3226 verioren.
696 3149 874 3224 Pronnmon
887 3151 960 3222 ὅσοι
972 3155 1149 3224 deleverim
1164 3152 1260 3246 433,
1281 3186 1288 3235 ,·

101 3284 103 3288 “
175 3257 268 3327 28⁷.
284 3259 315 3326 in
330 3259 457 3326 verbist
477 3254 594 3337 πάντες
614 3254 686 3326 ὅσοι
708 3261 742 3323 oi
761 3262 830 3340 oreph
850 3261 999 3340 πορνείας
1020 3253 1180 3342 ἐρῥὸησοικ
1202 3254 1257 3325 λό·
1297 3271 1299 3274 ’

174 3383 239 3445 yos.
280 3356 458 3439 ¹omittitur
478 3360 563 3427 enim
585 3355 658 3426 ὅσοι
681 3357 722 3423 ob
745 3344 855 3444 o'ptimt
875 3355 969 3422 codd.
994 3357 1084 3441 dog:-
1106 3355 1133 3423 1.
1159 3357 1257 3426 Lind.
1278 3353 1304 3396 9

176 3459 248 3528 itsi.
272 3455 433 3550 ms,
460 3458 493 3527 in
515 3457 589 3527 otiis
611 3462 645 3528 oi
665 3456 761 3526 deest
783 3455 829 3523 nti
851 3458 883 3522 in
905 3454 976 3524 eod.
998 3456 1027 3523 δ.
1049 3455 1147 3544 Tnyi.
1171 3457 1255 3527 λλον.

27 3528 43 3595 '³'
103 3634 106 3638 Α
177 3556 274 3656 (ὅσοι
296 3558 550 3651 superscriptum
572 3565 625 3629 est
644 3564 679 3628 ot
698 3556 792 3627 veris
805 3550 924 3649 lectio)
939 3554 1051 3626 der:
1084 3555 1165 3626 item
1179 3577 1258 3644 pro·

33 3694 36 3713 ι
154 3680 293 3731 momen
315 3660 487 3752 personale
508 3657 550 3730 οὐ
571 3657 664 3746 435,
677 3656 767 3727 294.
789 3664 871 3727 ente,
889 3661 1008 3743 ἔκρινες
1032 3665 1155 3753 tuebor.
1173 3659 1258 3749 hog.

175 3761 204 3833 Ι.
220 3761 270 3835 K.
282 3784 310 3832 s.
330 3762 455 3833 debebis
467 3761 625 3853 prebente
638 3760 831 3831 Schneiero.
874 3759 960 3828 Nom
980 3779 1044 3830 non
1066 3761 1096 3828 io
1120 3777 1170 3840 eo,
1192 3761 1257 3850 qui,

42 3876 48 3889 ’
176 3862 237 3934 sed
260 3866 292 3932 in
315 3884 369 3951 re,
396 3885 489 3954 quom
510 3862 699 3934 Aeschines
720 3858 761 3931 od
778 3860 908 3950 jndices
930 3860 1060 3954 detulit,
1094 3862 1257 3951 oppositio

11 4022 40 4049 ,
176 3974 246 4052 σοι,
282 3966 359 4035 hiis
380 3966 538 4036 medicine
559 3974 674 4055 pereto
694 3972 747 4033 est
768 3960 867 4053 449,
890 3961 979 4031 aab.
1000 3963 1128 4033 verbis:
1154 3957 1198 4041 ὠς
1218 3958 1258 4030 oi

176 4065 218 4134 σύ
239 4075 344 4147 οιλτιος
364 4066 479 4151 δεῖξον.
522 4066 572 4137 ibt
593 4066 676 4137 enim
699 4066 796 4153 vulgo
818 4074 897 4134 ante
918 4063 1032 4132 neisk.
1053 4070 1087 4130 et
1108 4063 1140 4130 in
1162 4059 1255 4130 codd.

153 4205 156 4211 -
177 4165 314 4235 detuv.
334 4176 427 4240 recte
446 4171 612 4246 οσνολνιος
631 4165 748 4255 iegitur
768 4186 827 4255 pro
849 4173 964 4245 ολιιος.
1013 4162 1255 4302 ἔλοοσιοιολισοοι
