2610 4860
83 381 657 486 ptamqa'lnprh‘hcatalugo·
675 414 809 489 qm
829 393 1172 497 matema
1195 430 1212 462 e

60 498 155 575 ,tan
174 489 317 582 id-unotl
335 492 480 564 aa-vltta
499 495 615 597 decem
631 506 812 587 oraton,
833 499 878 572 ia
898 502 1105 592 pmtcrhliu
1119 501 1189 578 δι’

82 592 268 676 nobilitata,
288 593 333 665 tle
352 593 434 666 iihra
454 585 497 669 ic
518 599 597 682 lato,
617 597 661 670 ic
679 599 812 691 placitta
829 601 1102 695 philaauphorum',
1119 606 1169 680 de
1221 689 1226 697 ,

81 693 248 784 parallelia
268 690 399 790 (tort),
420 698 463 770 tic
481 699 767 793 apophthegmatis
785 702 968 787 hunnum,
985 704 1029 774 tle
1048 705 1168 775 nenia

80 788 199 890 (lert)
217 799 254 865 et
271 798 438 867 amatoriia
458 804 696 872 narrationibus
716 810 827 894 puteat
845 804 1012 888 affirmari,
1031 803 1065 873 li
1086 803 1167 894 pot·'
1213 873 1216 879 ,
1256 852 1263 863 ·

83 896 149 964 erit
169 901 226 964 ant
246 897 294 966 ita
312 898 479 986 explicari,
499 910 535 970 nt
554 904 587 973 in
609 903 662 971 hia
681 903 773 973 lihria
792 906 877 973 alioa
897 905 1062 974 Plutarchi
1082 902 1171 976 vcra
1229 907 1234 914 '

82 996 208 1085 acripta
219 1015 305 1068 nunc
315 999 688 1072 auiaaaeaaeimitatoa
702 1004 806 1090 dicae,
826 1012 884 1075 aut
894 1006 937 1075 ah
950 1006 1024 1074 aliia
1035 1005 1186 1076 nomina·
1224 1046 1228 1052 -
1269 1041 1275 1055 ·

82 1112 194 1166 eorum
208 1097 430 1187 iumtaloguuu
445 1120 523 1172 eaeo
537 1106 673 1183 laeena,
685 1104 770 1194 quod
782 1121 865 1174 aune
876 1105 970 1175 laclia
985 1105 1073 1174 cunii
1092 1112 1181 1195 pot·‚
1216 1182 1220 1187 ,

82 1195 155 1276 erit,
165 1203 222 1265 aut
236 1199 373 1289 utquod
385 1201 494 1286 nolim,
506 1209 607 1270 totum
619 1204 799 1289 catalogum
813 1223 877 1274 nou
889 1223 968 1274 eaaa
978 1225 1000 1276 a
1012 1205 1168 1295 lamprla
1211 1255 1217 1266 .

83 1299 263 1384 proiectum
278 1299 428 1368 aihrmea
458 1297 559 1370 Certe
570 1300 646 1369 iutlc
658 1320 858 1392 nequaquam
869 1304 994 1392 poteria
1014 1303 1166 1392 probaro,
1203 1314 1211 1326 ·

71 1407 142 1467 'aaa
162 1400 261 1468 tihroa
279 1418 397 1468 revera
411 1419 490 1469 caue
503 1419 526 1469 a
540 1399 716 1469 Plutarcho
730 1403 883 1491 acriptoa.
920 1403 1043 1472 licatat
1056 1410 1166 1472 antean
1200 1459 1207 1478 .

81 1498 180 1568 tertia
201 1498 357 1587 quaedam
378 1500 569 1587 ecriptoruru
591 1499 756 1570 Plutarch!
777 1502 911 1585 claaaia,
931 1502 978 1583 (lo
993 1522 1056 1592 qua
1074 1502 1167 1587 luali-

80 1599 164 1672 atuu
184 1597 282 1667 multo
302 1607 355 1667 eat
375 1598 545 1682 rlilliciliua,
569 1599 642 1669 dico
663 1618 746 1683 aaut,
765 1601 800 1669 in
821 1622 886 1691 qua
906 1600 1016 1691 plurea
1036 1600 1172 1690 quidet

34 1738 37 1748 ·
81 1700 231 1789 reperiaa
252 1705 288 1767 et
306 1698 627 1789 graviores-hiatus,
670 1721 764 1789 qnam
786 1703 819 1769 iu
840 1701 914 1770 aliia
935 1700 1099 1769 Plutarchi
1120 1701 1167 1768 li·

81 1802 171 1885 bria,
191 1801 368 1870 arationum
391 1808 499 1868 tamen
519 1817 583 1869 nou
605 1802 651 1868 ita
672 1800 768 1869 virlea
789 1801 1027 1885 coulormatam,
1047 1807 1088 1868 ut<
1102 1819 1167 1871 cu-

80 1921 152 1972 rum
171 1908 334 1971 auctorem
356 1919 491 1988 proraua
512 1901 603 1969 hiatu
622 1902 822 1970 abstinuisse
842 1903 951 1991 poesia
963 1901 1166 1972 confirmare.
1253 1911 1274 1936 ·'

79 2004 156 2074 lluc
175 2002 264 2072 relcu
284 2001 398 2069 librum
419 2001 462 2070 rlo
481 2020 560 2071 acre
581 2003 716 2092 citando
736 2002 863 2083 alieno,
890 2000 1167 2090 apophthegmata

79 2123 193 2193 regum
213 2110 249 2172 et
267 2100 402 2192 aucum,
423 2102 605 2171 convivium
626 2110 753 2192 aeptcm
774 2104 967 2192 sapientum,
985 2100 1033 2170 ic
1047 2119 1168 2189 gaura·
1216 2117 1243 2133 ··

80 2206 192 2288 litate,
211 2204 255 2273 tle
275 2222 445 2293 puerorum
466 2204 685 2285 institutione,
718 2203 816 2272 etde
836 2203 1053 2272 commuuihua
1073 2203 1169 2271 uoti-
1267 2227 1271 2237 ·

57 2307 140 2375 .tiia
161 2312 275 2375 contra
296 2301 437 2374 Stoicoa
481 2303 564 2388 Quia
586 2305 669 2372 euin
690 2305 791 2387 vitia,
828 2304 968 2394 quaein
988 2302 1042 2372 hia
1063 2321 1169 2392 repa·
1236 2392 1247 2406 ⁸

80 2407 206 2476 riantur
231 2406 350 2493 libris,
382 2406 498 2492 partim
519 2405 663 2474 incuriae
684 2405 900 2487 librariorum,
929 2407 1046 2494 partlm
1065 2407 1170 2476 etiam·
1226 2415 1231 2426 ·

80 2508 300 2596 negligentiae
321 2506 446 2573 cuidam
467 2506 638 2593 scriptoris
658 2502 841 2598 (interdum
861 2506 947 2576 enirn
968 2507 1041 2595 ipae
1059 2505 1168 2575 houua
1270 2561 1274 2572 .

80 2608 235 2679 dormitat
254 2603 439 2699 Homerus)
469 2604 565 2673 trihui
587 2613 747 2695 possunt,
786 2606 935 2676 dubitare
963 2605 1090 2696 qudem
1118 2605 1167 2676 dc
1239 2643 1260 2699 '.

80 2709 275 2778 auctoritato
295 2706 406 2774 hurum
427 2703 579 2773 librorum
602 2704 696 2787 licet,
739 2707 946 2798 pracsertim,
986 2725 1058 2776 cam
1078 2705 1170 2777 aliae
1235 2708 1268 2747 ’-

79 2807 240 2879 accedant
258 2824 388 2886 cauma,
410 2806 524 2892 qualca
545 2805 704 2876 accedere
724 2805 863 2875 viiluna
883 2806 917 2874 la
938 2805 1090 2875 marleio
1109 2822 1167 2876 aa·
1205 2831 1212 2845 ·
1239 2838 1244 2848 ·

80 2916 168 2999 ptem
183 2906 367 2994 aapieuturu
379 2912 415 2972 ct
428 2905 460 2971 iu
474 2905 555 2971 libro
567 2904 609 2970 tle
621 2924 791 2991 puerorum
804 2904 1017 2989 tuatltutloaa,
1030 2922 1095 2973 nau
1114 2909 1168 2975 tac
1200 2908 1213 2965 “.

82 3006 269 3097 meallen,
292 3003 375 3097 quud
388 3005 430 3071 de
444 3005 535 3070 libris
549 3003 715 3071 secundae
727 3004 856 3085 cirasia,
875 3002 1037 3072 affirmare
1049 3005 1183 3097 anaim„
1268 3040 1273 3052 ·

81 3104 287 3176 Plutarchum
309 3125 369 3174 coa
389 3101 476 3172 nulio
497 3102 591 3171 morlo
612 3103 757 3171 aeribere
778 3103 933 3192 potuisse.
975 3101 1100 3186 Quihua
1119 3102 1166 3200 ia
1206 3123 1216 3165 ·.

81 3195 193 3278 anaia
204 3209 302 3277 etiarn
314 3206 387 3294 ipae
403 3203 656 3293 apopthegruata
670 3222 779 3290 regum
795 3211 830 3271 ut
842 3222 924 3292 apua
937 3196 1166 3273 Plutarchcunu'

81 3305 260 3376 detentione
281 3328 353 3374 auru
374 3312 533 3385 conatus,
575 3303 769 3392 praesertim
796 3321 868 3401 cum
888 3305 928 3385 ‚in
957 3302 1007 3372 rei
1034 3311 1164 3385 natura,

82 3426 165 3497 quae
187 3409 219 3475 iu
239 3424 279 3474 ou
302 3412 470 3487 tractatur,
492 3395 662 3473 excusatio
682 3405 841 3492 quaedam
862 3403 1003 3472 hiatunru
1025 3404 1164 3471 iueaact

82 3507 176 3591 Quod
197 3514 304 3576 arutcuu
325 3506 368 3573 rie
390 3507 510 3575 cetaria
531 3504 689 3592 dubitavi,
708 3504 825 3572 lactum
847 3512 913 3593 eat,
935 3505 1009 3593 quia
1029 3524 1088 3572 cur
1107 3509 1166 3573 aut
1243 3507 1247 3514 '

81 3611 223 3698 acciptur
247 3615 304 3678 aut
330 3607 452 3674 librarii
478 3605 733 3692 negligentiores
769 3605 803 3672 in
831 3604 1002 3675 acrihenrlo
1038 3606 1168 3698 luerint,
1270 3607 1272 3617 ⁴

50 3738 54 3745 ·
81 3729 213 3779 oausam
235 3709 382 3778 idoneam
404 3727 468 3775 uon
489 3706 607 3775 inveni.
657 3706 709 3774 De
731 3705 898 3794 excerptis
918 3711 954 3775 ct
973 3705 1165 3795 ingruentia
1237 3760 1269 3785 ,.

83 3812 159 3902 qnid
172 3813 321 3893 acutium,
342 3830 442 3897 supra
456 3807 579 3897 legisti,
600 3809 646 3876 ita
667 3815 703 3876 ut
717 3809 785 3894 Jam
805 3806 909 3875 aulum
929 3805 963 3876 it
985 3805 1027 3876 tle
1048 3807 1165 3894 ningu-
1233 3834 1240 3855 ·
1264 3808 1270 3821 ‘

82 3913 342 3984 tarumtocorun
363 3913 396 3979 iu
409 3908 574 3978 Plutarchi
595 3909 734 3996 integris
755 3908 888 3997 scriptia
909 3908 1104 3978 tractatione
1119 3908 1165 3978 ait

84 4015 283 4097 wiennam,
306 4031 358 4081 me
379 4029 579 4102 rreuuaquam
600 4028 738 4079 censere
759 4010 792 4078 iu
814 4011 856 4078 iia
875 4009 972 4090 locia,
992 4009 1026 4078 iu
1047 4009 1164 4104 quihua
1218 4060 1225 4071 .

37 4188 40 4196 ,
83 4117 127 4185 ull
143 4116 218 4185 ‘uiui
246 4115 353 4185 hiatus
375 4114 547 4184 offensioni
575 4112 643 4192 ait',
683 4110 725 4180 ah
756 4110 883 4181 editore
894 4110 1016 4276 {putueo
1042 4128 1163 4181 ravan
