2610 4860
180 1386 252 1467 Diu
276 1387 465 1487 haesitem,
490 1371 569 1465 uum
594 1383 758 1465 auderem
770 1381 853 1462 Tuo
876 1365 1079 1501 cbrirrimo.
1096 1403 1164 1460 uo-

80 1517 199 1616 miui,
220 1522 290 1601 Vir
315 1520 477 1620 flumme,
525 1519 594 1599 boo
618 1517 857 1620 qualecunque
881 1516 1084 1622 opueoadum
1107 1516 1165 1596 iu-

79 1653 246 1734 scribere.
293 1654 397 1750 Quod
422 1666 536 1734 tamm
562 1676 624 1734 cur
649 1673 742 1731 uuac
765 1649 909 1760 fecerim
932 1647 1167 1755 pudoremque

47 1810 190 1864 -meum
222 1790 351 1889 justum
365 1787 591 1883 dimiserim,
622 1792 703 1890 ejus
730 1785 781 1866 rei
806 1807 947 1863 caueam
972 1782 1077 1861 velim
1102 1805 1167 1863 co·

37 1963 43 1974 ,
78 1917 175 2018 giles
200 1945 301 2020 quum
329 1922 365 1998 iu
389 1918 621 2022 iusigni'l'ua
645 1918 869 2010 humanitate,
894 1916 1115 2027 quatirouea
1128 1917 1165 1994 iu

78 2076 195 2152 arena,
221 2052 257 2128 iu
282 2078 349 2153 qua
370 2064 423 2130 tot
444 2064 628 2156 turmaque
648 2053 758 2132 tulisti
779 2051 923 2157 palmas,
949 2050 1069 2128 soleae
1086 2073 1161 2125 am·

80 2184 205 2288 plecti,
239 2196 309 2264 tum
340 2188 377 2266 iu
408 2189 499 2267 laeta
527 2211 644 2267 eorum
680 2201 868 2291 temporum
893 2180 1057 2261 memoria
1081 2203 1167 2261 eaeo

79 2317 254 2422 positam,
305 2320 429 2422 qrribua
469 2320 552 2399 mild
585 2317 758 2400 Societati
790 2319 952 2399 Graecae
985 2315 1197 2423 adscripto·

55 2453 269 2570 'contigerit
293 2468 331 2534 ut
356 2456 437 2533 Tua
462 2456 596 2533 lruerer
619 2452 815 2559 disciplina
866 2451 996 2553 Neque
1009 2450 1168 2557 prolecto

81 2589 165 2668 ullo'
179 2600 333 2697 ternpore
357 2592 449 2669 baruc
477 2591 672 2669 memoriam
698 2587 841 2692 saepius
867 2585 1017 2680 recolui,
1067 2590 1168 2687 qua'm

82 2751 150 2826 quo
176 2725 266 2806 baec
291 2725 337 2804 dc
362 2727 456 2803 biatu
481 2724 516 2803 iu
543 2725 771 2829 scriptoribus
796 2722 939 2824 graecis
962 2720 1167 2800 scribebam.

81 2859 286 2959 Quicunque
311 2860 402 2937 euim
428 2884 560 2937 mecum
586 2860 622 2936 iu
648 2883 823 2936 numerum
848 2856 983 2935 illorum
999 2855 1168 2936 sodalium
1199 2952 1203 2962 ἱ

81 3004 181 3068 eraut
206 2993 353 3096 recepti,
378 3005 478 3071 eraut
503 2993 585 3069 milri
610 2992 713 3070 ruodo
739 2991 798 3070 bic
823 2991 926 3070 modo
951 2991 1023 3071 illic
1047 2992 1084 3067 iu
1098 2989 1168 3069 boc

83 3124 169 3202 libro
210 3125 508 3208 courrruemoraudi.
576 3126 793 3202 Versabatur
825 3126 908 3203 milri
941 3128 977 3204 iu
1011 3127 1168 3203 lacerate

36 3340 39 3350 ,
85 3254 243 3361 Sauppii‚
268 3260 303 3334 iu
319 3256 557 3336 Deutoatbeue
582 3255 841 3336 Furrklraeuelii
867 3271 903 3337 et
918 3256 1169 3334 Wealermau·

83 3386 136 3481 ni,
161 3388 197 3466 iu
223 3388 340 3494 Lysia
365 3388 566 3469 lcoomohii
592 3397 628 3466 et
653 3388 805 3483 Klotzii,
831 3388 866 3465 in
892 3388 997 3468 isaeo
1023 3390 1169 3470 areum

82 3521 177 3621 uteri,
210 3525 245 3600 iu
279 3522 464 3602 Aeschine
496 3519 660 3615 Frarrkii,
693 3521 728 3597 iu
754 3509 944 3601 Plutarcho
969 3521 1167 3617 Sinteuieii,

83 3654 372 3746 Winclrelmauui
404 3671 441 3748 et
465 3652 620 3758 Ernporii
650 3652 769 3754 imago
787 3656 882 3733 'aute
914 3659 1054 3756 oculos,
1104 3659 1170 3736 eo-
1211 3720 1212 3728 a

83 3780 222 3888 rumque
249 3794 396 3869 ouurrium
424 3791 586 3870 urernoria
612 3815 679 3865 uua
703 3815 779 3866 cum
806 3792 969 3895 llauptii,
994 3790 1169 3868 Zimmer·

84 3923 215 4015 urrauui,
266 3926 460 4003 Juccbitzii
491 3923 535 4002 et'
558 3924 687 4002 Urbani
732 3925 923 4022 laetitiam,
974 3951 1041 4026 qua
1073 3924 1166 4001 illius

83 4052 261 4132 felicitatis
287 4034 384 4136 ureae
411 4059 584 4137 reurriuiaci
611 4059 729 4151 soleo,
761 4061 876 4138 denuo
902 4058 1165 4162 redintegravit.

84 4187 192 4279 Quam
218 4216 295 4270 cum
311 4194 393 4273 'ribi
421 4193 577 4287 debeam,
603 4195 650 4299 pii
677 4205 713 4272 et
738 4197 831 4297 grati
858 4196 962 4273 arrimi
987 4194 1203 4299 eiguridca·.·

85 4303 211 4403 tioruem
243 4327 357 4426 hauc,
410 4357 476 4432 qua
502 4332 603 4410 aimul
629 4333 787 4435 magistri
814 4331 968 4410 bonores
1002 4333 1170 4433 quiuqua-
