2610 4860
509 39 691 148 [υἱ-..4.
765 64 824 147 ι,

461 232 774 302 αι’.ὖω·’
884 192 894 310 ,Δ
1061 320 1171 348 o

51 391 125 488 tx,
145 391 276 482 ΟΜ.
292 396 467 490 potitum,-
479 396 603 487 Tgeoos·
618 363 1143 488 eoirtr'ou'ersi'er-uor·.ttgd-
1270 401 1276 443 ·'

54 501 240 577 osterum
256 520 260 555 1
277 494 397 587 ipsios.
418 498 527 569 Flavii
559 499 703 575 demum·
724 499 925 592 tempoiiltus
956 496 1148 592 tnvstusse,
1179 560 1197 571 .

51 600 162 684 ouum.
179 597 487 688 praesertimspud
513 598 898 691 entiquiores‘rlretores
924 602 1045 670 mentio
1073 600 1147 687 clos

49 689 170 765 exstet
189 697 302 788 nulla,
319 698 372 767 its
386 705 422 768 ut
443 698 638 790 Dionysium
658 699 840 770 interillos
861 700 963 770 iuime
984 699 1147 789 suspicari
1194 785 1200 795 ι

48 792 173 885 licent,
198 799 269 888 ‘oni
289 790 444 882 σχήματα
463 799 576 882 λέξεως
595 797 951 891 quidem-probarent,
978 800 1040 871 sed
1062 818 1147 891 quae

52 893 378 981 ’σχὴμωαῑὼανοίας
397 898 561 985 dicuntur,
590 909 801 992 respuerent,
828 923 923 992 quum
950 901 1022 972 deri
1043 910 1156 988 nepo&

57 1004 134 1068 rent
153 1016 265 1089 possew
277 1000 354 1090 quln
374 1001 488 1072 verbis
508 1001 644 1072 mutatis
665 1020 785 1072 sensus
805 1022 932 1095 quoque
959 1008 1169 1088 mutaretor„
1203 1086 1206 1094 ¹

56 1096 98 1168 V.
119 1121 151 1189 p.
176 1097 242 1170 to.
263 1130 265 1135 ⁴
283 1101 401 1193 Neque
421 1102 527 1191 magis
549 1101 666 1191 probo,
688 1122 773 1195 quae
794 1101 954 1174 Schottus
976 1102 1148 1193 decapite
1248 1166 1252 1189 ,
1292 1128 1296 1138 ·

55 1197 183 1271 decime
205 1201 361 1294 disputat,
383 1203 464 1273 haec
484 1202 633 1273 scribens
656 1223 688 1293 p.
702 1205 841 1274 Xanll.
889 1205 957 1299 „Ut
980 1216 1148 1275 teceomus

50 1318 185 1370 emnem
206 1309 241 1370 et
262 1308 509 1392 praeceptorum
531 1301 574 1371 ad
596 1303 813 1392 eloquentiam
833 1304 996 1378 terensem
1009 1306 1149 1397 petissi-
1248 1344 1251 1355 ·

48 1418 142 1471 mum
162 1403 380 1492 spectantium
401 1412 436 1473 et
457 1403 650 1472 elocutionis
676 1402 818 1474 indolem
848 1406 890 1475 od
912 1406 1146 1496 Dionysianum
1249 1468 1251 1479 r
1290 1483 1291 1486 Ἴ

57 1502 221 1573 scribendi
242 1509 277 1573 et
298 1503 340 1573 de
361 1504 547 1594 eloquentie
574 1503 741 1573 statuendi
769 1524 809 1574 nc
838 1507 1061 1595 praecipiendi
1079 1524 1148 1575 re·
1275 1538 1286 1556 ·

58 1603 179 1673 tionem
200 1604 296 1691 louge
318 1606 452 1695 propius
472 1602 635 1674 accedere
655 1623 748 1694 quam
771 1607 911 1695 priomm
930 1615 1058 1696 septem
1087 1626 1149 1676 co·
1168 1650 1170 1655 ·
1186 1636 1205 1679 ·.
1248 1660 1251 1681 .

57 1701 158 1792 pitum
179 1701 318 1773 indolem
338 1705 464 1774 diserte
486 1705 677 1795 promissum
698 1704 845 1774 videmus
868 1706 979 1775 litorum
999 1709 1070 1797 napi
1092 1729 1148 1779 tu·
1212 1731 1218 1743 ·

51 1797 311 1894 ·pp'oae›e,.quom
331 1824 352 1874 o
373 1804 535 1893 Dionysio
556 1806 712 1895 scriptum
734 1806 892 1874 novimus.
935 1808 1043 1896 ipsam
1066 1825 1148 1877 vero
1210 1847 1214 1854 ·

57 1904 163 1972 omnis
184 1906 388 1975 tractationis
409 1907 567 1994 originem
588 1903 672 1997 qruod
692 1904 821 1988 attinet,
842 1905 1014 1975 etiamnum
1029 1906 1149 1977 dubius

57 2026 98 2079 oc
118 2028 303 2096 suspensus
326 2000 464 2095 haereo,
507 2015 611 2075 utrum
641 2025 685 2075 ex
710 2007 772 2099 iis,
813 2024 898 2096 quse
925 2028 995 2097 cop.
1023 2006 1147 2077 decimo

51 2108 197 2179 *subinde
218 2106 514 2205 deprehenduntur,
534 2108 737 2178 formularum
760 2108 1069 2197 praeceptorumque
1090 2127 1147 2187 re·
1248 2174 1252 2197 ,

59 2211 361 2301 petitionibus‚.et
383 2210 600 2299 negligentius
621 2210 803 2280 enunciatis
824 2208 978 2296 colligere
1000 2210 1148 2293 deleam,
1248 2206 1252 2241 ³
1291 2211 1295 2219 '

58 2312 145 2382 illam
168 2331 295 2401 quoque
316 2311 618 2381 commentationem
645 2330 688 2380 ex
716 2311 921 2380 institutione
948 2310 1147 2380 scholastice
1249 2366 1254 2399 ,

58 2412 264 2503 Dionysiana
292 2431 370 2482 esse
391 2415 570 2503 protectum
597 2431 640 2480 sn
666 2413 708 2481 ab
734 2413 807 2500 ipso
837 2412 968 2481 rhetore
993 2413 1027 2480 in
1054 2431 1147 2480 usum
1250 2405 1253 2498 ξ
1298 2448 1300 2459 1

53 2514 223 2605 Juvenum,
244 2513 358 2605 quibus
380 2517 537 2585 universa
558 2514 741 2585 rhetorices
762 2521 940 2604 praecepte
962 2511 1147 2582 oretrade-
1250 2506 1253 2555 l

56 2624 127 2700 ret,
156 2617 322 2706 descripta
352 2616 543 2688 existimem.
589 2617 698 2687 veron
720 2616 804 2685 enim
824 2615 885 2684 sub
907 2617 1003 2684 tinem
1025 2610 1060 2704 ς
1086 2608 1147 2680 to.
1250 2620 1254 2669 τ

57 2717 171 2787 obviat
192 2718 299 2785 ταῦτα
319 2722 389 2806 scopi
410 2717 453 2787 roi
474 2713 704 2808 φανερώτατα·
733 2720 830 2785 eclesie
855 2719 890 2785 dl
911 2716 954 2784 τὰ
975 2710 1148 2784 inelem-

58 2843 141 2906 prae
162 2818 321 2899 δείξουσιν
341 2824 378 2887 et
397 2824 588 2907 amovetur,
611 2838 800 2907 quamquam
822 2820 951 2886 omuino
973 2819 1034 2886 lroc
1055 2822 1147 2884 corte
1251 2822 1255 2839 ¹

59 2912 254 3009 significant,
275 2926 452 3006 praecepta
473 2937 502 2986 o.
528 2916 590 2984 to.
615 2920 782 3007 proposita
802 2915 844 2987 ad
868 2939 926 2988 eos
947 2916 1148 3009 potissimum
1243 2962 1249 2976 ,

55 3021 208 3110 juvenes,
228 3019 282 3109 qui
303 3018 507 3106 Dionysiana
528 3019 730 3088 institutione
752 3027 919 3090 uterentur
941 3019 1150 3110 pertinuisse,
1175 3023 1180 3032 “
1251 3092 1254 3121 i
1290 3024 1296 3037 '

10 3171 12 3182 r
58 3122 220 3212 duplicem
242 3129 350 3188 tomen
372 3119 673 3208 interpretationem
694 3119 879 3213 admittunt,
899 3142 994 3210 quum
1015 3139 1088 3188 voc.
1109 3125 1148 3186 ol
1251 3157 1254 3223 ᾗ

57 3227 230 3293 ovsovsteu
251 3221 305 3290 vel
327 3219 368 3290 nd
390 3221 483 3308 ipsos
505 3228 687 3310 conventus
707 3221 780 3289 illos
801 3223 1019 3290 scholasticos
1039 3221 1146 3309 possit
1251 3268 1256 3303 ,

57 3323 174 3392 reterri
200 3321 254 3390 vel
282 3319 325 3391 ed
357 3321 516 3409 colloquia
545 3320 731 3411 lumiliorie,
764 3322 878 3410 quibos
900 3322 1054 3412 privatim
1076 3341 1148 3388 cum
1251 3320 1255 3409 ζ

25 3515 28 3522 ‚
47 3424 227 3514 discipulis
249 3429 379 3490 acturus
400 3423 462 3502 sit,
485 3422 601 3510 quide
624 3426 811 3512 praeceptis
831 3424 907 3491 iltis
920 3419 998 3516 (vel
1012 3424 1052 3489 in
1075 3425 1148 3509 ipsa
1174 3442 1184 3452 ·
1251 3418 1254 3459 ⁵

58 3526 264 3596 institutione
286 3523 494 3611 schotsstiea,
513 3522 568 3590 vel
589 3521 622 3590 io
645 3525 916 3594 commentatione
938 3525 1062 3611 scripte
1076 3532 1148 3590 tre·
1251 3530 1255 3543 '

48 3613 160 3717 'uttts)
188 3625 318 3694 uberius
346 3623 477 3692 edoceri
499 3615 659 3711 cupiam
703 3627 750 3693 At
777 3625 942 3694 scribendi
969 3644 1073 3713 genus
1105 3620 1148 3691 ed
1251 3656 1256 3703 ς

61 3729 297 3817 Dionysianum
318 3725 352 3793 in
373 3725 434 3793 hec
454 3726 563 3813 capite
585 3729 718 3815 propius
745 3727 905 3797 accedere
933 3746 1067 3815 prorsus
1095 3727 1151 3793 est
1285 3773 1293 3789 ,

64 3829 263 3919 negendam,
289 3833 389 3914 atque
410 3826 463 3894 lric
485 3847 547 3897 non
569 3829 673 3916 magis
695 3827 812 3898 idonea
834 3847 934 3897 causa
955 3836 1009 3897 est
1029 3849 1086 3896 cur
1107 3829 1150 3896 do
1172 3840 1177 3852 ·
1250 3866 1254 3901 ι

10 3942 13 3953 “
63 3932 209 4022 pluribus
233 3928 411 4015 juvenibus
439 3930 627 4016 cogitemus.
691 3930 764 3998 lloc
789 3929 1067 4019 autem-'apertum
1096 3938 1150 3998 est

60 4051 104 4103 cn
127 4030 240 4100 verbis
253 4028 381 4108 ultimis,
404 4028 485 4097 haec
505 4049 570 4098 non
593 4050 691 4119 posse
712 4029 967 4102 sbomicissiue
981 4031 1150 4119 discipulis
1252 4066 1253 4073 κ

60 4129 256 4220 ellionysii
283 4131 487 4200 sermonibus
514 4129 605 4201 edito
629 4148 719 4201 esse.
765 4132 810 4201 lli
838 4134 924 4204 enim
952 4152 1152 4223 nequaquam
1250 4114 1285 4224 ᾗ
