2610 4860
466 37 605 93 ’.ς
745 34 982 112 ’,Ἰγᾛ

758 233 765 251 0

622 252 633 270 0
680 252 687 268 δ

480 282 541 310 η’
595 271 627 324 ¹
722 288 762 308 =

594 338 598 351 Ι

71 378 203 503 eleetos
227 413 520 521 sesag-libris
544 444 615 501 non
639 385 729 501 esse
751 364 1038 525 obsequendum,
1067 356 1174 506 mira
1274 411 1283 433 ⁸

73 548 135 633 tos
157 539 373 643 surn‚‹1no‹l
398 539 469 620 viri
493 537 591 618 dooti
615 536 772 616 nonnulli
797 538 844 618 de
868 539 1031 621 elisionis
1055 541 1174 645 signis
1293 536 1295 546 ⁴

75 656 180 736 aliter
204 657 382 751 sentiant,
432 654 561 759 qnippe
586 655 712 757 quibus
736 681 817 733 num
848 657 982 760 antiqui
1013 658 1085 765 ipsi
1116 659 1174 738 nsi
1262 674 1270 692 ⁸

76 773 165 868 siut,
189 796 261 853 non
285 771 377 850 satis
399 772 543 875 liqueat.
593 770 663 867 Qui
687 771 797 874 igitur
819 770 857 850 in
881 775 1012 877 poetis,
1037 774 1176 854 etiamsi
1283 795 1288 806 “

77 892 113 970 in
139 891 222 994 aliis
246 891 354 969 rebus
377 888 649 991 ‹lib'geutissim'e
673 889 836 968 librorum
862 890 1021 992 vestigia
1045 915 1176 993 sequa·
1247 981 1254 994 ,

77 1019 154 1106 lnr,
179 1012 296 1086 tamen
320 1005 527 1085 temeritatis
547 1008 683 1101 primeu
709 1033 779 1086 non
804 1008 921 1110 timet,
953 1008 989 1086 si
1012 1008 1179 1090 librorum
1234 1021 1236 1024 ⁴

36 1124 39 1128 Δ
78 1124 288 1205 anctoritate
326 1124 494 1226 neglecto
519 1123 744 1231 apostropbo
776 1126 920 1229 utitor,
970 1150 1036 1206 our
1074 1124 1109 1204 is
1141 1124 1180 1206 in
1291 1200 1295 1211 .

80 1240 258 1345 scriptore
283 1251 391 1342 quem
410 1250 447 1320 et
471 1264 521 1319 ex
545 1242 691 1319 aliomm
715 1243 927 1321 testimoniis
951 1251 989 1321 et
1018 1265 1069 1320 ex
1099 1242 1180 1346 ipsa
1215 1292 1220 1302 -

81 1359 294 1459 seriplomm
318 1360 401 1458 ejus
424 1367 548 1435 natura
571 1358 641 1439 bao
664 1358 701 1436 iu
726 1369 1007 1465 repoelasasse
1022 1369 1180 1437 secutum

82 1484 277 1581 appareat,
327 1473 420 1552 idem
453 1474 575 1554 lacere
599 1475 722 1555 nolit?
772 1478 881 1555 Num·
903 1476 1083 1582 probabile
1108 1484 1181 1577 ost,

83 1591 300 1698 scriptorem
325 1592 385 1694 qui
414 1594 526 1672 verba
557 1593 608 1689 ita
647 1594 759 1697 elegit
797 1605 836 1674 et
871 1592 1095 1698 composuit,
1145 1601 1185 1672 ut

65 1735 150 1817 ¹per
173 1711 335 1814 integras
359 1735 577 1814 magnasque
602 1713 780 1791 orationes
805 1736 876 1789 mm
901 1712 993 1788 alius
1023 1710 1202 1814 ermiste·¹

85 1839 142 1906 ret
159 1825 290 1924 hiatus,
315 1825 388 1905 nisi
412 1827 469 1928 qui
496 1828 646 1908 elisione
672 1854 741 1907 nou
767 1828 922 1907 adlribita
947 1829 1092 1925 oriatur,
1117 1827 1187 1910 bno

84 1941 238 2022 elisione
262 1943 423 2023 noluisse
446 1942 526 2021 urit
560 1945 693 2023 Annon
718 1946 838 2049 potius
862 1946 900 2023 iu
925 1956 984 2023 est
1007 1942 1189 2021 verisinri·

84 2058 168 2154 lios,
192 2059 356 2145 librarios
382 2048 443 2141 bie
466 2060 542 2140 illio
565 2060 673 2162 hujus
698 2060 794 2158 signi
819 2059 973 2160 ponendi
997 2083 1083 2137 esse
1096 2060 1190 2137 obli·

85 2174 179 2253 tosl
213 2175 303 2278 ‘nis
333 2168 462 2251 duetus
493 2173 688 2249 rationibus
712 2175 907 2251 Isocratem
931 2175 1061 2252 nullum
1087 2180 1189 2276 ejus-

88 2290 182 2368 modi
224 2290 357 2368 biatnm
399 2287 623 2368 commisisse
656 2289 740 2366 milri
773 2289 938 2392 persuasi
970 2290 1120 2390 aliisquo
1145 2291 1190 2370 il

89 2396 242 2513 probare
266 2420 344 2483 sum
368 2415 536 2499 conatus,
568 2429 683 2505 neque
709 2405 849 2507 dubito,
880 2406 962 2506 quin
993 2407 1090 2484 mulli
1121 2406 1191 2486 viri

79 2522 189 2603 ‚dooli
214 2521 284 2602 bae
307 2521 345 2600 iu
370 2545 411 2599 re
436 2520 519 2597 mibi
545 2520 618 2596 sint
641 2521 836 2632 assensuri.
867 2520 948 2615 Quo
973 2521 1020 2601 de
1037 2546 1193 2602 assensu

57 2679 63 2687 ·
93 2639 211 2745 nagia
234 2638 361 2719 dubius
386 2662 464 2716 sum
488 2635 525 2715 in
550 2634 795 2717 Demosthene
802 2693 815 2738 ,
847 2638 929 2739 quia
952 2636 1048 2720 buno
1072 2652 1194 2720 orato·
1229 2656 1233 2665 '

34 2758 38 2769 '
94 2783 186 2854 rem,
237 2750 534 2862 qui'graviuum
559 2752 700 2833 dicendi
724 2754 836 2860 pluris
860 2756 1069 2839 aestimabat
1093 2783 1195 2863 quam

95 2877 339 2982 elegantiam,
388 2873 529 2955 saoilius
554 2871 614 2952 bio
637 2873 712 2954 illie
736 2871 855 2952 bintus
879 2872 1070 2959 admisisse
1084 2877 1196 2960 orell

97 3006 246 3104 potest,
296 3017 411 3098 neque
441 3014 514 3095 ego
551 2989 682 3070 britlas
714 2993 838 3072 iturum
872 3014 958 3076 ease
992 3019 1198 3102 quenquam

93 3124 211 3224 puto,
262 3112 300 3193 iu
323 3109 568 3194 Demosthene
594 3134 721 3192 reuera
745 3110 805 3192 bio
828 3109 902 3190 illio
926 3114 1078 3194 rooales
1110 3139 1201 3197 oon·

56 3222 64 3234 ’
99 3258 255 3317 orrrrere.
304 3233 389 3313 lloo
413 3242 527 3312 tannen
553 3231 709 3311 rorasse
733 3255 783 3310 ex
807 3231 874 3329 iis,
907 3254 998 3334 quoe
1024 3233 1071 3313 do
1101 3233 1199 3313 biatu

60 3360 64 3369 '
100 3349 406 3434 inllemostheois
431 3349 576 3455 seriptis
601 3348 767 3447 disserui,
793 3351 927 3454 disoes,
952 3350 1201 3456 ubieunqueid

99 3475 230 3575 laetum
245 3470 305 3570 sit,
330 3467 401 3550 non
426 3493 512 3551 esse
537 3468 617 3550 sine
640 3469 769 3550 idonea
794 3492 906 3562 eausa
928 3470 1069 3567 laetum,
1093 3470 1201 3552 elubi

103 3592 197 3673 baee
227 3615 297 3672 non
328 3598 522 3698 appareat,
554 3587 676 3668 -eliam
700 3588 977 3670 llemostbenen
1008 3613 1055 3669 no
1087 3587 1203 3670 biaret

105 3710 232 3809 oratio,
256 3709 415 3812 earisse,
440 3709 490 3789 ita
515 3717 553 3786 ut
576 3708 676 3814 plura
701 3732 791 3787 sane
815 3707 968 3788 notanda
993 3715 1031 3789 et
1051 3707 1201 3790 elisione
1225 3740 1257 3780 ··

107 3840 208 3912 eerle
238 3829 275 3908 in
309 3831 391 3931 ejus
421 3826 566 3932 seriptis
597 3825 708 3904 multo
739 3826 884 3932 saepius
916 3849 1002 3906 esse
1038 3826 1226 3906 ruendum¹

107 3971 300 4049 oerrseam,
332 3971 433 4049 quam
469 3968 562 4024 nuno
587 3956 643 4024 est
674 3944 814 4024 laetum.
866 3943 1055 4048 Polybium
1089 3955 1205 4023 autern

103 4063 333 4168 ,Theopompi
359 4069 557 4169 exemplum
583 4085 668 4140 esse
693 4070 855 4141 secutum
880 4086 951 4139 nou
982 4084 1033 4139 ex
1063 4061 1206 4139 aliomm
