2610 4860
286 1354 376 1426 Ante
397 1351 762 1430 nomencratoris
778 1354 938 1429 neminem
957 1353 1146 1441 exstitisse,
1171 1353 1226 1448 qai
1245 1355 1280 1425 ir

201 1453 294 1526 hiato
314 1456 470 1528 suario
490 1449 639 1551 magnam
660 1460 805 1553 posuerit
824 1478 947 1550 mrum,
965 1475 987 1527 a
1005 1474 1070 1548 qno
1090 1454 1188 1528 etiam
1204 1460 1282 1546 post

200 1555 290 1626 iiium
310 1556 439 1629 dicendi
459 1562 660 1650 praectarum
679 1562 868 1645 magistrum
882 1564 1015 1649 praeter
1027 1554 1283 1626 Demosthenem

202 1662 353 1725 oratores
373 1676 417 1727 cx
438 1660 490 1746 iis,
511 1661 566 1751 qui
588 1660 690 1730 scoot
710 1661 868 1737 dicuntur,
889 1655 1039 1728 Demade
1057 1662 1197 1747 excepto
1216 1673 1282 1726 non

201 1774 337 1845 prorsus
354 1759 581 1844 abstinuerint,
600 1763 684 1830 satis
704 1761 781 1831 mihi
802 1761 1047 1831 demonstrasse
1059 1757 1184 1827 videor.
1209 1755 1281 1826 Sc-

201 1857 311 1944 quitur
331 1864 367 1926 ut
388 1857 475 1928 idem
495 1859 538 1929 de
558 1859 723 1930 historicis
735 1861 875 1930 Graecia
895 1858 1065 1929 ostendam
1085 1857 1284 1945 doceamque

203 1955 266 2023 hos
287 1975 413 2046 quoque
434 1967 512 2029 arrte
525 1960 706 2031 Isocratem
726 1960 854 2051 quidem
875 1961 983 2028 hiatus
1002 1957 1187 2043 admisisse,
1207 1961 1284 2044 post

90 2115 92 2121 ,
201 2074 275 2123 euru
297 2060 591 2145 taruenoaquead
612 2062 747 2148 eosqui
768 2058 944 2147 iiyauntini
972 2056 1083 2125 vocari
1110 2055 1219 2123 soient
1246 2059 1283 2122 et

201 2171 284 2240 quos
306 2153 359 2220 hic
379 2156 528 2224 omittere
549 2157 654 2224 satius
674 2176 753 2224 esse
773 2157 869 2243 duxi,
891 2158 973 2224 aiios
992 2154 1179 2242 diligentius
1199 2153 1284 2221 aiios

99 2309 101 2318 .
200 2252 421 2338 negiigentius
433 2253 466 2319 io
479 2254 540 2320 hoc
551 2273 674 2339 genere
683 2274 761 2323 esse
773 2263 936 2322 versatos.
953 2255 1069 2340 hicque
1080 2253 1187 2320 moitis
1199 2272 1283 2341 opus

120 2352 126 2366 ”
203 2357 258 2418 est
280 2351 410 2431 verbis,
454 2350 569 2438 quibus
590 2353 648 2418 tihi
670 2351 882 2440 persuadeam
905 2370 1011 2439 neque
1031 2349 1283 2417 Herodotum

203 2442 1284 2538 neque'l'hucydidemnequeXenophuote'madhuncrem

202 2547 407 2629 attendisse,
427 2547 567 2616 evolvas
588 2568 711 2636 quaeso
733 2568 842 2616 eorum
864 2549 962 2614 iibros
983 2547 1140 2636 iaciieqoc
1160 2547 1284 2616 iotciii·

201 2667 273 2735 ges,
295 2667 437 2714 summos
457 2646 519 2713 hos
539 2650 718 2735 scriptores
738 2647 863 2715 tandein
885 2649 917 2713 in
940 2647 1028 2714 hiatu
1048 2645 1202 2714 evitando
1219 2666 1283 2715 uon

203 2748 420 2836 quaesivisse.
464 2745 517 2813 De
531 2747 804 2834 Xenophonte
826 2753 933 2813 tumen
955 2746 1016 2813 hoc
1030 2751 1083 2814 est
1099 2743 1285 2813 addendum

204 2866 275 2915 eum
297 2849 330 2914 in
352 2847 394 2913 iis
415 2866 498 2935 quae
519 2844 560 2912 ud
576 2844 812 2914 defendendum
826 2848 997 2915 Socratem
1010 2846 1189 2934 scripserit,
1211 2846 1284 2914 dico

202 2947 277 3014 ituri
304 2945 551 3014 memorabitium
576 2965 646 3034 cap.
676 2947 807 3034 primum
840 2953 875 3015 et
900 2947 1076 3014 secumdum
1103 2963 1286 3013 sermonem

203 3047 298 3136 panio
320 3047 505 3115 accuratius
525 3044 568 3113 ad
590 3066 692 3115 verae
712 3048 869 3115 orationis
890 3047 1055 3136 exempiar
1066 3047 1285 3115 conformasse

204 3155 241 3217 et
262 3168 303 3216 ea
323 3148 367 3216 dc
388 3166 488 3216 causa
509 3147 543 3214 in
564 3147 606 3215 iis
629 3149 797 3235 pauciores
818 3147 926 3216 hiatus
946 3146 1128 3216 admisisse.
1229 3225 1232 3229 ,

203 3283 208 3292 ·
289 3247 360 3317 Sed
392 3268 435 3317 er
470 3247 643 3336 disciplina
668 3247 847 3337 isocratis,
886 3250 978 3336 cujus
1008 3246 1120 3315 dumus
1149 3253 1287 3316 cunctae

205 3347 366 3416 Graeciae
388 3348 481 3435 quasi
502 3348 597 3414 iudos
617 3348 744 3435 quidam
765 3349 869 3435 putuit
889 3356 988 3436 atque
1006 3349 1134 3417 oiiicina
1146 3346 1287 3439 dicendi,

205 3449 361 3534 cujusque
392 3465 413 3514 e
442 3445 516 3512 ludu
547 3454 707 3534 tamquam
728 3465 772 3513 ex
794 3465 876 3535 equo
898 3448 1040 3530 Trojano
1062 3449 1143 3515 meri
1162 3446 1285 3536 priuci-

206 3568 267 3637 pes
288 3546 451 3636 exierunt,
471 3545 590 3635 prodiit
610 3544 837 3632 discipulorum
859 3546 1284 3632 praestantissimusTheo·

204 3668 350 3739 pompus,
372 3648 536 3735 quiquam
557 3646 690 3734 primum
710 3645 872 3713 oratoriae
890 3645 955 3712 arti
974 3663 1105 3733 operam
1125 3644 1287 3733 dedisset,

206 3757 323 3838 postea
343 3745 503 3814 suadente
524 3745 679 3832 magistro
699 3741 744 3810 ad
765 3744 931 3812 historiam
958 3761 998 3811 se
1025 3743 1172 3811 contuiit.
1213 3741 1287 3828 oua

206 3847 239 3913 in
261 3846 435 3913 scribenda
455 3846 502 3913 itu
523 3852 576 3912 est
596 3852 768 3925 versatus,
810 3851 846 3910 ut
866 3862 992 3912 ornnem
1013 3843 1169 3913 orationis
1194 3844 1285 3912 coio-

206 3965 275 4014 reru
295 3945 337 4012 oh
358 3946 504 4015 isocrute
526 3951 670 4013 sumeret
689 3944 773 4013 adeo
795 3942 943 4034 quidem.
971 3949 1024 4030 ut,
1055 3961 1139 4033 quae
1161 3943 1194 4010 io
1214 3962 1286 4013 rua·

205 4045 310 4130 gistro
331 4044 612 4133 reprehenderent
632 4060 813 4125 censores,
847 4042 961 4110 eadem
982 4043 1064 4110 vitia
1084 4042 1117 4109 in
1138 4040 1285 4130 discipuii

206 4144 338 4231 scriptis
371 4145 595 4212 invenirentur
628 4137 684 4236 (ν.
712 4142 879 4211 Wiohers.
908 4141 1108 4231 Theopomp.
1136 4161 1167 4231 p.
1189 4137 1286 4234 se).

16 4256 19 4261 ⁴
86 4330 88 4334 Α
205 4240 280 4311 iiuc
299 4249 406 4312 nutem
429 4249 561 4332 praetor
580 4241 785 4326 Ciceronem,
824 4242 915 4347 copus
942 4241 1045 4313 veria
1065 4241 1098 4311 io
1118 4241 1287 4312 Proueuuoi
