2610 4860
596 400 667 451 ..“
721 399 776 465 ⁴1
829 370 877 479 ς

35 624 38 629 .
183 564 278 660 mam
300 584 362 660 par
380 571 446 654 cst,
467 561 510 636 ai
529 563 617 637 lanc
636 563 801 638 remonis
820 563 934 655 graeei
954 562 1276 658 elegantiamfquus

10 675 16 701 ¹
183 667 367 760 Dionysius
383 656 488 738 multa
508 669 606 737 affert
627 666 825 756 testimonia,
846 665 973 740 animos
993 663 1179 737 attendisse
1198 665 1277 736 mibi

182 768 354 857 videntur,
379 769 427 840 lta
446 774 577 842 utcum
598 769 632 838 ln
653 767 792 859 singulis
812 766 895 838 loeis
916 785 1091 859 eorumque
1111 767 1275 859 scripturn

123 907 125 910 >
179 869 358 959 indicanda
378 870 472 959 plura
492 871 576 940 vitia
596 889 657 941 eos
676 870 881 939 commisisse
909 871 1143 962 opinarentur,
1181 889 1276 961 qnam

103 999 110 1024 ι
184 993 270 1063 quae
290 972 368 1054 ferri
389 980 537 1062 possunt,
559 980 626 1041 tum
645 972 780 1062 scriptis
800 971 896 1042 niden
919 972 1090 1061 baberent,
1112 989 1199 1060 quae
1211 979 1278 1039 tam

184 1083 318 1144 austere
338 1081 496 1165 tantaque
517 1094 589 1143 eum
610 1073 934 1163 incuriaeompositn
956 1080 1051 1165 sunt,
1078 1079 1115 1142 ot
1142 1071 1184 1142 ab
1211 1074 1277 1141 illis

151 1231 155 1239 ,
184 1174 538 1263 praestantissimorum
559 1175 711 1243 librorum
731 1176 919 1244 auctoribus
939 1174 1087 1263 prolecta
1108 1192 1187 1243 esse
1216 1193 1295 1263 ne-x

185 1281 315 1364 queant
357 1275 437 1363 lpse
458 1274 585 1362 quidem
606 1273 704 1343 iniis
731 1292 814 1362 quae
842 1273 885 1344 ad
913 1275 1072 1344 isocratis
1098 1274 1277 1345 orationem

18 1374 24 1392 '
130 1382 137 1402 '
187 1373 451 1464 Areopagiticam
472 1373 610 1464 scripsi,
629 1392 689 1461 pro
709 1375 798 1443 virili
819 1383 914 1465 parte
935 1375 1094 1465 quaedam
1115 1374 1178 1444 lunc
1199 1392 1278 1464 pcr-

99 1486 104 1494 ’
187 1477 326 1544 tinentia
348 1479 467 1544 allerre
488 1482 625 1543 conatus
646 1492 729 1564 surm,
749 1474 843 1562 plura
864 1483 975 1544 tameo
995 1481 1176 1565 opportuno
1192 1480 1279 1543 tem·

102 1567 108 1584 '
141 1629 143 1633 ,
186 1595 267 1665 pore
288 1576 366 1644 milri
387 1576 466 1645 dato
486 1592 540 1644 me
560 1592 639 1644 esse
660 1575 842 1644 additurum
864 1576 1007 1665 promisi.
1052 1573 1177 1659 Quibus
1198 1593 1278 1663 pro·

58 1670 62 1676 ’
119 1744 121 1747 ,
187 1677 299 1747 missis
320 1696 406 1746 nunc
428 1677 462 1744 in
491 1694 531 1745 eo
559 1695 630 1743 sum
657 1681 694 1744 ut
723 1682 863 1746 eatenus
892 1683 996 1767 stem,
1036 1683 1198 1767 quatenus
1225 1675 1277 1758 iis,

59 1764 79 1779 ”
138 1812 144 1824 ·
187 1797 272 1868 quae
292 1778 338 1845 ibi
359 1777 401 1846 ‹le
421 1777 512 1846 biatu
533 1777 574 1843 ab
596 1776 744 1847 Isocrate
771 1778 805 1845 in
834 1778 1034 1845 orationibus
1063 1776 1278 1845 demonstrati

187 1880 320 1966 generis
348 1878 476 1948 evitato
503 1876 671 1965 disputate
697 1885 797 1968 sunt,
838 1879 931 1967 plura
958 1898 1030 1945 eum
1058 1878 1100 1947 de
1129 1878 1278 1945 lsocrate

187 1988 253 2048 tum
281 1978 325 2047 de
351 1978 476 2046 ceteris
502 1978 634 2066 praecis
668 1979 882 2066 scriptoribus
914 1977 1065 2063 adjiciam
1098 1985 1198 2066 atque
1234 1977 1280 2045 its

54 2137 59 2151 .
131 2165 134 2174 Ι
184 2078 368 2171 ‚doctrinam
388 2077 430 2146 dc
452 2076 543 2145 hiatu
564 2078 597 2144 in
623 2079 757 2166 graccis
783 2079 1021 2168 scriptoribus,
1064 2079 1279 2167 quantumin

12 2215 16 2224 ·
122 2216 148 2251 ·.
182 2199 239 2260 une
272 2185 347 2270 cst,
377 2176 557 2247 absolvam.
610 2179 768 2254 Quamvis
801 2189 910 2249 autem
947 2179 1190 2249 concedendum
1225 2178 1282 2268 sit,

38 2296 44 2317 ¹
184 2279 272 2363 nnuc
293 2283 326 2349 ln
348 2279 438 2371 hiatu
460 2279 616 2347 evitando
638 2282 897 2369 ascriptoribus
924 2280 1113 2371 quibusdam
1140 2280 1282 2369 positam

187 2401 298 2463 curum
319 2399 456 2472 paronam
477 2386 601 2446 tantum
623 2389 749 2467 partem
778 2384 862 2452 artis
887 2384 977 2451 illius
1007 2401 1104 2472 esse,
1146 2400 1190 2449 er
1219 2399 1283 2470 qua

71 2496 73 2505 ·
108 2478 113 2489 “
186 2481 306 2566 lumina
325 2499 467 2566 graecae
489 2481 647 2566 orationis
667 2487 740 2547 orta
760 2482 846 2572 mut,
867 2483 935 2552 boo·
950 2491 1060 2551 tamen
1082 2483 1197 2568 negari
1218 2501 1283 2551 uon

35 2574 44 2583 '
91 2573 97 2579 ’
149 2618 153 2623 -
188 2582 322 2675 poterit,
336 2581 416 2649 ioue
430 2579 528 2650 etiam
540 2580 588 2648 uti
600 2600 644 2649 ex
659 2600 765 2666 ungue
778 2581 916 2675 leonem,
928 2585 1080 2652 eximium
1093 2584 1171 2652 illud
1182 2604 1283 2672 groe-

60 2715 63 2721 ·
187 2703 299 2753 corum
320 2683 514 2770 scriptorum
536 2683 677 2751 studium
690 2703 743 2769 ea,
763 2705 847 2773 quse
866 2688 1071 2774 scripserant
1091 2687 1284 2762 exornandi,

190 2795 226 2852 et
247 2782 451 2877 perpoliendi
472 2785 638 2872 cognosci.
680 2785 841 2853 Fortasse
868 2788 966 2874 igitur
994 2788 1164 2855 militam
1191 2788 1282 2856 ielici

55 2898 69 2940 -·
190 2905 270 2954 esse
299 2886 493 2975 continget,
534 2891 572 2951 ut
600 2886 743 2955 virorum
770 2885 936 2954 doctorum
962 2893 1096 2969 ¹animos
1125 2888 1168 2956 nd
1199 2888 1283 2958 hano

75 3055 86 3079 Ι
154 3034 158 3042 ·
191 2984 405 3076 componendi
425 2992 530 3052 artem
551 2985 585 3052 iu
606 2989 736 3071 graecis
757 3006 878 3075 prosae
899 2989 1056 3058 orationis·
1070 2989 1284 3076 scriptoribus

67 3141 84 3151 ,,
191 3088 399 3178 perspicuam
420 3085 593 3153 advertam
615 3107 737 3176 eosque
758 3108 923 3169 moveam,
967 3098 1003 3158 ut
1031 3093 1130 3159 etiam
1160 3090 1283 3158 numeri

89 3254 94 3264 ,
155 3178 174 3240 s
191 3188 494 3273 sententiarumque
522 3188 821 3256 conformandurum
854 3195 890 3258 et
916 3190 980 3259 sibi
1007 3189 1283 3258 annectenlarum

107 3346 109 3350 ,
148 3328 152 3341 ·
189 3289 351 3380 rationem
372 3284 557 3354 accuratius
579 3288 799 3376 investigent,
842 3289 960 3377 quain
981 3309 1019 3358 re
1040 3289 1221 3379 Dionysius
1243 3292 1285 3359 iis

40 3447 51 3470 „
130 3430 135 3443 ι
191 3390 333 3477 optimus
362 3386 427 3453 erit
442 3384 518 3481 ⁸dun
545 3393 581 3454 et
608 3396 730 3458 auctor.
775 3390 830 3460 Ne
857 3398 967 3458 tamen
994 3388 1137 3460 lectores
1166 3391 1285 3458 (liutius

59 3512 63 3528 ·
92 3554 104 3574 ,
191 3485 374 3585 moremati
395 3505 463 3553 rem
484 3486 589 3575 ipsam
608 3486 662 3556 me
683 3498 873 3561 mouentum
895 3490 1006 3581 paucis
1026 3492 1140 3561 verbis
1154 3491 1197 3563 de
1211 3492 1285 3561 bia·

44 3610 48 3617 ·
192 3595 248 3660 tus
269 3594 389 3655 natura
409 3587 614 3673 praemissis.

66 3775 72 3791 ι
193 3768 195 3775 Ι
280 3687 480 3775 Compositio
501 3696 609 3757 autem
631 3694 686 3758 est
705 3695 808 3781 (quac
830 3691 933 3762 uerba
953 3693 987 3762 in
1008 3692 1081 3762 iibri
1102 3692 1145 3762 ad
1158 3693 1285 3764 Hereu-

191 3785 280 3869 niom
300 3787 416 3876 scripti
437 3787 502 3876 lv,
524 3809 553 3857 c.
575 3789 718 3884 xib&
746 3791 796 3863 18
818 3793 986 3883 leguntur)
1008 3794 1183 3866 verborum
1204 3816 1283 3866 con·

133 3979 139 3992 ι
193 3890 350 3972 structio,
392 3907 476 3977 quae
505 3890 584 3958 lacit
612 3911 727 3962 omnes
755 3901 868 3984 partes
895 3895 1052 3965 orationis
1072 3896 1285 3984 aequabiliter

141 3992 142 3995 ’
193 3991 383 4080 perpolitus
425 3987 479 4057 Ec
499 3994 761 4078 conservabitur,
792 3996 1004 4084 silogiemns
1024 3996 1161 4066 crebras
1181 4017 1283 4068 voea-

15 4097 22 4108 '
183 4091 272 4161 lium
295 4092 543 4177 concursiones,
572 4112 656 4183 quae
676 4104 806 4166 vastam
827 4107 925 4186 atque
946 4098 1090 4171 hiantem
1111 4099 1288 4170 orationem

57 4190 61 4196 ’
197 4191 348 4263 reddunt
390 4193 476 4261 Num
498 4200 534 4262 ut
561 4197 593 4264 in
625 4197 766 4286 legendo
792 4197 914 4287 (inquit
935 4203 1051 4273 Cicero
1080 4204 1112 4273 iu
1135 4199 1229 4272 (lunt.
1258 4218 1286 4267 c.

95 4396 100 4405 Ι
180 4293 323 4377 XMV,
350 4292 388 4387 s.
413 4295 519 4382 15⁰.)
546 4296 675 4377 ocum,
700 4298 752 4370 sic
772 4302 900 4371 ammos
920 4303 954 4372 in
983 4303 1126 4404 diceneo
1154 4301 1284 4394 prospi-
